1887 3188
717 246 818 277 CAP.
842 246 904 276 1x.
930 236 1014 278 1-5.
1607 238 1689 280 477

102 365 234 409 vestit
249 363 358 409 hanc
370 365 702 422 propositionem
719 366 921 420 adjuncto
940 366 1083 408 dolore
1100 381 1176 409 suo
1192 365 1400 409 z—Doleo
1416 365 1449 409 J
1452 367 1608 410 udaeos
1625 381 1690 410 re-

95 440 234 495 jectos
255 455 359 483 esse.
410 440 612 482 Dolorem
633 439 746 482 hunc
768 455 891 482 suum
913 439 1135 481 confirmat
1156 440 1401 483 testimonio
1418 442 1576 495 divino,
1599 442 1688 484 sive

100 514 327 556 sanctitate
354 513 646 568 jurisjurandi,
679 520 722 556 et
758 513 1042 556 conscientiae
1074 513 1333 556 testimonio.
1400 517 1426 539 “
1445 515 1689 558 Veritatem

100 587 196 630 dico
211 588 256 629 in
273 587 483 641 Christ0,''
505 588 579 631 i.e.
597 603 738 630 coram
761 587 933 630 Christo
954 594 1066 630 teste
1089 594 1132 629 et
1146 588 1305 642 judice,
1328 594 1469 643 atque,
1488 589 1593 632 adeo
1614 590 1691 631 fal-

1084 663 1107 680 97

99 661 238 704 sitatis
260 668 304 704 et
316 662 490 718 perjurii
507 662 688 704 vindice.
733 662 873 704 “Non
887 662 1082 704 mentior.
1153 661 1373 717 Repetitio
1390 663 1580 717 ejusdem
1597 679 1690 706 sen-

98 736 261 778 tentiae
275 752 299 778 a
312 736 536 789 contrario,
551 737 605 778 ad
618 737 820 791 majorem
834 736 1080 792 emphasim,
1096 742 1329 778 attestante
1339 737 1405 779 vel
1421 744 1690 781 contestante

97 810 203 851 mihi
223 810 483 853 conscientia
502 826 609 852 mea.
660 810 713 851 In
734 816 889 852 testem
911 825 1012 866 ergo
1033 816 1158 852 vocat
1180 817 1223 852 et
1244 810 1387 852 Deum
1409 818 1452 853 et
1473 812 1690 855 conscien-

98 884 216 938 tiam,
232 884 315 927 nisi
335 885 470 927 mavis
492 891 535 927 et
553 884 774 928 Christum
795 892 839 927 et
861 884 1069 940 Spiritum
1092 884 1298 928 Sanctum
1320 901 1416 927 cum
1434 901 1510 928 sua
1529 887 1691 929 consci-

99 958 227 1011 entia,
258 959 388 1013 idque
418 959 580 1002 sincere
609 966 652 1001 et
683 975 735 1001 ex
768 959 921 1001 animo.
981 959 1185 1001 Dolorem
1220 975 1320 1001 vero
1352 976 1474 1002 suum
1506 961 1691 1017 appellat

98 1024 232 1079 ὀδύνην
251 1025 439 1089 καρδίας,
458 1033 579 1089 quasi
594 1033 1013 1076 vehementissimum
1030 1033 1159 1075 animi
1175 1034 1422 1087 cruciatum,
1441 1035 1575 1089 qualis
1596 1050 1692 1090 par-

97 1107 349 1150 turientium
368 1125 377 1149 :
410 1124 536 1163 quem
558 1108 717 1164 duplici
738 1108 929 1163 epitheto
950 1107 1192 1163 amplificat,
1215 1123 1416 1164 magnum
1439 1125 1495 1151 sc.
1518 1117 1562 1151 et
1583 1125 1692 1152 nun-

97 1197 226 1237 quam
246 1183 616 1225 intermittentem.
675 1182 824 1238 Atque
856 1182 960 1224 haec
994 1183 1047 1224 de
1083 1182 1240 1236 dolore,
1272 1183 1392 1237 cujus
1423 1199 1592 1226 causam
1618 1200 1691 1226 ex-

96 1256 255 1312 primit,
277 1273 318 1299 v.
353 1259 391 1310 3,
419 1257 647 1313 figuratam
675 1263 776 1299 voto
809 1264 884 1298 aut
920 1263 1079 1312 optato,
1103 1272 1187 1312 quo
1221 1263 1264 1299 et
1295 1273 1480 1299 amorem
1501 1258 1690 1301 insinuat

97 1346 221 1373 suum
243 1347 344 1388 erga
374 1331 566 1374 Judaeos
598 1331 725 1387 longe
746 1331 1179 1384 vehementissimum,
1201 1346 1382 1386 quorum
1401 1332 1689 1387 rejectionem,

96 1406 210 1448 unde
232 1413 399 1448 tantum
422 1406 609 1448 dolorem
630 1406 757 1461 capit,
779 1405 849 1447 vel
869 1421 958 1458 suo,
982 1405 1017 1446 si
1040 1405 1132 1447 fieri
1152 1405 1299 1461 possit,
1323 1406 1453 1448 exitio
1483 1407 1692 1450 redimere

96 1480 215 1534 velit,
236 1481 278 1522 h.
301 1496 337 1522 e.
359 1480 585 1522 anathema
606 1495 710 1534 csse,
733 1480 854 1535 quasi
875 1480 1080 1521 devotum
1100 1486 1229 1535 caput
1261 1486 1304 1521 et
1336 1480 1571 1522 execrabile
1590 1497 1599 1522 :
1628 1481 1690 1524 Et

96 1554 217 1597 addit
238 1570 264 1596 a
284 1554 457 1598 Christo
481 1554 593 1610 (sub.
614 1553 890 1610 separatum,)
921 1562 1069 1596 contra
1097 1553 1411 1609 persuasionem
1436 1554 1480 1595 in
1501 1554 1690 1597 clausula

97 1629 323 1685 superioris
354 1644 445 1684 cap.
477 1644 621 1670 suam:
652 1643 728 1684 pro
758 1628 953 1679 Judaeis,
980 1642 1086 1682 quos
1117 1627 1261 1669 multis
1293 1634 1415 1669 ornat
1451 1628 1611 1685 elogiis,
1645 1637 1689 1672 et

95 1703 481 1746 necessitudinibus
509 1702 590 1745 sibi
620 1703 855 1755 devinctos,
886 1702 1070 1758 primum
1100 1701 1276 1751 fratres3
1309 1702 1462 1744 deinde
1484 1710 1688 1760 cognatos

96 1793 253 1820 voc-ans
275 1793 385 1831 suos,
410 1776 602 1832 (Quaere
623 1777 906 1819 differentiam
921 1777 953 1832 ς)
985 1775 1113 1818 tertio
1138 1775 1368 1830 Israelitas,
1391 1777 1505 1831 quod
1532 1793 1688 1821 nomen

98 1851 152 1894 ab
171 1852 330 1894 Israele
351 1852 542 1905 ductum,
565 1858 609 1894 et
629 1867 655 1893 a
674 1851 707 1894 J
710 1851 831 1893 acobi
850 1851 967 1893 lucta
987 1865 1084 1892 cum
1105 1850 1276 1906 Angelo
1298 1850 1504 1893 divinitus
1519 1851 1687 1895 Jacobo

95 1926 343 1982 impositum
375 1941 530 1968 nomen
561 1925 1059 1975 honorificentissimum3
1094 1934 1245 1980 quarto
1282 1916 1460 1963 ὑιοθεσῖα
1490 1925 1630 1968 dictus
1662 1941 1689 1968 a

94 1998 191 2041 Deo
219 1998 355 2040 Filius
383 2014 483 2041 suus
510 1999 819 2055 primogenitus
839 1998 997 2048 Israel3
1031 1998 1181 2054 quinto
1207 1989 1322 2046 δόξοὶ,
1343 1998 1522 2041 fortasse
1546 2014 1687 2049 arcam

95 2087 193 2116 cum
209 2071 451 2114 cherubinis
471 2072 664 2128 gloriosis
685 2072 941 2128 aspectabile
963 2072 1133 2114 divinae
1153 2072 1417 2127 praesentiae
1434 2071 1604 2128 signum
1623 2073 1689 2115 in-

95 2147 276 2204 telligit3
308 2153 430 2189 sexto
452 2139 660 2194 διαθῆκαι,
685 2147 856 2189 tabulae
875 2146 1057 2189 foederis
1087 2146 1133 2187 in
1160 2161 1257 2189 arca
1277 2147 1414 2188 duae:
1445 2161 1543 2188 nam
1571 2146 1687 2189 haud

96 2221 183 2264 scio
213 2237 268 2263 an
298 2222 384 2263 duo
414 2221 597 2274 foedera,
620 2221 800 2263 alterum
829 2220 1005 2276 gratiae,
1039 2220 1220 2262 alterum
1253 2236 1427 2276 operum
1461 2220 1686 2277 significet,

92 2310 190 2338 cum
210 2302 360 2352 postea
379 2295 638 2337 mentionem
659 2294 787 2337 faciat
806 2294 1132 2350 promissionum
1152 2294 1331 2351 gratuiti
1351 2293 1558 2344 foederis3
1590 2309 1686 2350 sep-

93 2369 200 2412 timo
224 2361 452 2425 νομοθεσία,
485 2368 737 2425 Legislatio,
758 2367 828 2410 lex
848 2367 1026 2410 fortasse
1051 2368 1290 2423 judicialis3
1322 2374 1474 2410 octavo
1493 2359 1684 2424 λατξέια,

94 2442 249 2496 cultus,
269 2443 368 2486 Lex
386 2442 702 2492 ceremonialis3
732 2448 783 2484 ut
803 2442 860 2484 sit
879 2441 977 2484 Lex
997 2442 1179 2495 moralis,
1200 2441 1504 2496 ceremonialis,
1529 2442 1687 2498 judici-

95 2516 172 2559 alis
193 2516 396 2560 distincta
415 2518 470 2560 ad
490 2516 886 2573 amplificationem3
917 2531 1030 2558 nono
1057 2515 1369 2572 promissiones,
1389 2515 1612 2573 promissio
1632 2517 1687 2560 de

97 2589 271 2636 ‚Christo
291 2605 416 2647 saepe
435 2591 632 2648 repetita,
653 2605 763 2646 quae
783 2590 1028 2646 specialium
1049 2590 1239 2633 omnium
1258 2590 1584 2647 promissionum
1604 2590 1687 2633 fuit

96 2664 440 2718 fundamentum,
469 2664 552 2707 nisi
580 2665 702 2707 malis
734 2671 779 2708 et
810 2664 921 2707 hanc
951 2664 1193 2721 generalem
1222 2664 1558 2722 promissionem,
1588 2679 1687 2708 cum

95 2738 242 2781 multis
263 2737 355 2780 aliis
374 2737 698 2794 particularibus
718 2738 921 2789 indicari3
950 2739 1128 2793 dec-imo,
1159 2738 1354 2792 Quorum
1381 2745 1482 2782 sunt
1508 2738 1686 2781 Patres:

96 2813 312 2867 Majorum
332 2811 532 2870 dignitas,
564 2819 609 2855 et
637 2812 805 2869 generis
829 2812 1054 2864 nobilitas3
1085 2828 1135 2856 ac
1155 2812 1340 2868 denique
1369 2812 1534 2866 ultimo,
1557 2811 1689 2865 Quod

99 2885 298 2930 Christus
311 2901 364 2929 ex
370 2885 404 2928 J
406 2885 552 2929 udaeis
565 2885 769 2929 oriundus
780 2901 867 2943 quo
879 2887 935 2929 ad
946 2894 1141 2930 naturam
1156 2887 1397 2939 humanam,
1406 2885 1480 2942 qui
1491 2894 1690 2943 respectu
