1887 3188
183 216 267 258 446
786 224 1167 265 COMMENTARIUS,

182 346 297 388 vitae
319 352 363 388 et
383 344 555 402 gloriae,
585 360 693 400 quae
723 351 822 386 sunt
852 345 1003 387 effecta
1032 344 1216 399 Spiritus
1250 341 1397 385 Sancti
1428 341 1471 382 in
1501 340 1686 394 Christo,
1718 355 1771 383 ex

182 420 321 476 gratia
348 420 433 461 Dei
454 419 609 473 Patris,
635 419 986 474 justificationem
1015 418 1117 460 fidei
1146 425 1323 459 naturae
1345 416 1491 458 ordine
1512 430 1773 470 consequen-

182 494 256 536 tia.
309 494 415 550 Spes
437 501 581 536 autem
609 494 768 550 gloriae
790 493 958 535 divinae
981 499 1024 534 et
1046 492 1159 534 vitae
1180 498 1377 533 aeternae
1404 490 1700 533 corroboratur
1728 489 1773 530 in

182 569 304 610 nobis
330 568 642 620 afflictionibus,
664 567 708 609 vi
741 567 924 622 Spiritus
948 565 1096 608 Sancti
1117 565 1191 620 qui
1212 566 1337 606 datus
1359 572 1424 606 est
1454 564 1575 606 nobis
1597 580 1621 605 a
1641 563 1772 604 Patre

181 643 227 684 in
250 643 435 695 Christo,
458 642 680 684 effundens
701 641 821 681 illum
842 640 926 681 Dei
947 646 1174 694 paternum
1195 654 1381 680 amorem
1401 638 1446 679 in
1467 638 1594 680 corda
1614 644 1771 689 nostra,

181 724 232 760 ut
248 718 325 760 sub
342 732 466 759 cruce
484 715 671 768 exerciti,
689 721 909 770 paternam
925 713 1103 755 ferulam
1120 728 1173 754 ex
1188 720 1366 767 paterno
1383 711 1539 753 affectu
1554 712 1599 752 in
1614 711 1774 754 bonum

181 799 374 833 nostrum
409 789 643 845 profectam
679 803 971 844 agnoscamus,
1008 802 1114 842 quos
1153 787 1382 841 adoptione
1421 785 1530 827 filios
1563 800 1649 827 non
1683 791 1773 827 tam

181 865 306 921 punit
326 872 375 906 ut
400 865 550 918 judeX,
573 878 698 917 quam
722 862 904 918 castigat
925 868 975 902 ut
1005 868 1141 916 pater.
1202 860 1470 904 Observetur
1489 859 1570 902 hoc
1593 858 1775 902 Christi-

182 955 311 981 anum
340 939 597 994 paradoxon,
630 936 846 992 oppressio
877 935 992 978 effiat
1021 934 1286 991 patientiam,
1317 934 1526 989 patientia
1557 933 1776 989 experien-

181 1014 299 1067 tiam,
321 1013 394 1055 i.e.
417 1012 678 1067 exploratam
701 1018 744 1052 et
765 1017 1026 1065 compertam
1047 1009 1188 1051 reddit
1210 1009 1296 1050 Dei
1319 1008 1616 1064 praesentiam,
1639 1014 1682 1050 et
1703 1007 1776 1050 be-

182 1087 467 1130 nevolentiam
498 1086 542 1127 in
563 1085 685 1127 nobis
708 1085 979 1140 opitulandis,
1013 1091 1057 1126 et
1088 1083 1392 1136 sustentandis,
1422 1098 1477 1125 ne
1507 1082 1603 1125 ullis
1632 1097 1774 1124 rerum

182 1164 455 1205 adversarum
489 1160 655 1203 casibus
688 1159 1026 1211 succumbamus,
1058 1174 1167 1213 quae
1199 1157 1461 1213 experientia
1491 1173 1609 1213 spem
1640 1156 1774 1199 divini

185 1237 344 1290 auxilii,
368 1243 410 1278 et
431 1234 706 1288 liberationis,
730 1241 773 1276 et
795 1234 909 1276 vitae
930 1233 974 1274 in
995 1233 1117 1274 nobis
1139 1232 1360 1274 confirmat
1377 1248 1387 1281 ;
1409 1247 1488 1273 nec
1511 1237 1678 1287 sperata
1697 1246 1776 1273 nos

183 1312 341 1354 frustra
360 1311 503 1363 habet,
526 1309 626 1365 quia
655 1309 776 1350 Deus
804 1323 917 1350 nunc
946 1323 1088 1349 amore
1115 1323 1192 1349 nos
1213 1307 1257 1348 in
1288 1306 1461 1349 Christo
1489 1305 1772 1362 prosequitur,

183 1402 268 1442 quo
283 1401 373 1438 nos,
391 1401 488 1427 cum
504 1385 642 1425 adhuc
664 1383 789 1424 nullis
806 1382 967 1424 viribus
990 1389 1033 1424 et
1054 1382 1174 1437 impii
1195 1397 1394 1435 essemus,
1412 1381 1773 1437 amplectebatur3

182 1468 232 1504 ut
246 1460 320 1516 qui
339 1460 472 1501 filium
486 1474 562 1514 pro
583 1457 705 1499 nobis
724 1457 769 1498 in
789 1464 970 1499 mortem
993 1463 1036 1498 et
1051 1456 1359 1512 peccatoribus,
1377 1463 1421 1498 et
1434 1456 1627 1498 hostibus
1643 1455 1776 1497 tradi-

183 1535 294 1577 derit
310 1550 322 1584 3
352 1534 466 1575 unde
481 1532 656 1588 colligit,
679 1539 839 1587 quanto
852 1531 988 1587 magis
1004 1546 1117 1572 nunc
1128 1531 1399 1585 justificatos,
1423 1538 1466 1572 et
1481 1530 1774 1573 reconciliatos

183 1615 427 1652 servaturus
449 1607 504 1649 sit
525 1622 601 1662 per
623 1606 755 1648 vitam
778 1606 882 1660 ejus.
945 1604 1074 1657 Quod
1089 1620 1190 1647 vero
1212 1605 1284 1658 ait,
1306 1605 1380 1647 vix
1400 1621 1475 1661 pro
1489 1606 1609 1660 justo
1629 1620 1776 1660 quem-

183 1699 311 1740 quam
340 1682 628 1734 emoriturum‚
660 1680 839 1722 fortasse
863 1695 940 1736 pro
965 1680 1077 1722 bono
1110 1679 1204 1735 (ubi
1233 1686 1336 1721 nota
1356 1679 1476 1722 artic,
1506 1676 1583 1719 τοῦ
1606 1672 1775 1733 ἀγαθοῦ

183 1758 257 1814 qui
277 1758 399 1800 abest
419 1773 445 1799 a
464 1771 568 1800 voce
599 1747 782 1810 δικαίου)
806 1754 958 1810 aliquis
981 1753 1112 1796 emori
1141 1753 1266 1807 ausit,
1287 1753 1332 1795 id
1352 1754 1407 1796 ad
1431 1754 1775 1810 amplificandum

183 1833 270 1876 Dei
290 1833 334 1874 in
355 1848 432 1874 nos
453 1846 640 1873 amorem
669 1829 857 1886 positum
880 1835 958 1882 est,
981 1828 1055 1884 qui
1074 1843 1214 1883 neque
1228 1827 1338 1882 justi
1357 1843 1496 1883 neque
1517 1827 1618 1870 boni
1637 1828 1777 1871 fuerae

182 1924 290 1961 mus,
312 1923 408 1950 cum
431 1905 628 1950 Christus
657 1920 734 1960 pro
764 1903 886 1946 nobis
908 1903 1043 1945 vitam
1073 1901 1333 1952 effunderet3
1363 1902 1479 1943 haud
1508 1901 1595 1944 scio
1624 1917 1679 1944 an
1699 1897 1777 1942 τοῦ

185 1974 355 2035 ἀγαθοῦ
374 1979 544 2022 nomine
566 1978 777 2035 significet
798 1970 1156 2030 ἀγαθοποιοῦντα,
1180 1975 1430 2029 beneficum,
1459 1982 1503 2018 et
1523 1975 1632 2018 bene
1652 1976 1778 2018 meri-

183 2063 278 2098 tum
299 2056 352 2097 de
373 2054 508 2107 nobis,
539 2069 594 2094 an
623 2052 737 2094 idem
768 2052 856 2093 fere
885 2052 1000 2107 quod
1032 2043 1208 2099 δίκαιος,
1235 2056 1411 2105 propter
1440 2049 1665 2092 articulum
1694 2049 1778 2092 for-

183 2128 310 2173 tassis
330 2128 411 2171 hoc
441 2127 486 2169 in
514 2127 608 2169 loco
638 2116 896 2182 ἀναφοςικόν.
957 2125 1087 2168 Certe
1111 2125 1284 2167 videtur
1305 2115 1460 2163 δίκαιον
1495 2115 1775 2179 ἁμαξτώλοις,

186 2211 231 2248 et
250 2196 409 2258 ἀγαθον
441 2195 593 2258 ἐχθροῖς
616 2216 842 2257 opponere,
875 2200 934 2242 sic
955 2206 1005 2242 ut
1026 2205 1189 2242 crescat
1210 2198 1358 2252 oratio,
1391 2204 1434 2240 et
1459 2197 1612 2240 amoris
1640 2196 1778 2240 divini

184 2279 232 2321 in
252 2278 426 2322 Christo
447 2276 696 2332 amplitudo,
727 2275 803 2331 qui
824 2289 911 2317 non
941 2273 1076 2316 solum
1107 2288 1184 2329 pro
1213 2272 1336 2315 nobis
1365 2270 1672 2328 peccatoribus,
1702 2270 1778 2327 qui

185 2368 326 2408 neque
354 2351 469 2405 boni,
499 2366 639 2406 neque
663 2349 772 2405 justi
802 2364 981 2402 eramus,
1012 2362 1162 2390 verum
1192 2353 1236 2389 et
1265 2355 1509 2402 peccatores
1545 2352 1588 2388 et
1617 2345 1777 2400 hostes,

184 2427 318 2470 filium
339 2427 385 2468 in
405 2432 586 2468 mortem
607 2424 817 2481 exposuit,
839 2439 937 2466 cum
957 2423 1031 2466 vix
1050 2437 1127 2479 pro
1142 2422 1262 2477 justo
1283 2421 1377 2477 quis
1399 2421 1640 2475 emoriatur,
1669 2428 1778 2464 tam-

187 2501 270 2544 etsi
289 2501 398 2543 forte
427 2515 505 2556 pro
529 2499 679 2552 amico,
710 2505 755 2541 et-
783 2498 893 2540 bene
923 2497 1076 2540 merito
1097 2497 1150 2538 de
1171 2511 1216 2537 se
1236 2495 1388 2550 aliquis
1417 2495 1525 2538 mori
1555 2495 1777 2539 sustineat.

186 2575 440 2618 Notandum
460 2574 588 2628 quod,
609 2589 651 2616 v.
673 2576 713 2626 9,
735 2588 790 2615 ex
804 2571 1112 2627 justificatione
1133 2569 1317 2612 deducat
1337 2569 1703 2613 conservationem
1722 2569 1778 2614 ab

187 2650 264 2704 ira,
283 2649 314 2691 i.
335 2664 372 2692 e.
391 2647 686 2690 liberationem
706 2647 760 2688 ab
780 2646 943 2688 ultione
964 2645 1110 2688 divina
1128 2650 1303 2700 propter
1321 2651 1558 2701 peccatum,
1576 2651 1620 2687 et
1641 2659 1696 2687 ex
1713 2659 1780 2688 re-

188 2721 484 2768 conciliatione
514 2720 878 2764 conservationem
900 2719 945 2760 in
965 2718 1070 2772 vita,
1102 2733 1155 2760 ex
1183 2733 1310 2760 sensu
1340 2718 1474 2761 divini
1494 2718 1647 2761 amoris
1677 2733 1780 2776 erga

188 2814 281 2853 nos,
302 2797 422 2853 cujus
442 2801 567 2838 autor
586 2801 715 2850 atque
737 2793 912 2836 effector
932 2799 998 2835 est
1019 2791 1204 2848 Spiritus
1226 2792 1410 2835 Sanctus
1429 2792 1475 2834 in
1494 2792 1635 2847 nobis,
1649 2808 1692 2836 v.
1709 2793 1779 2836 11.

189 2872 338 2916 Tertia.
356 2869 568 2928 gloriatio,
588 2867 801 2926 gradatim
821 2867 934 2910 enim
955 2873 1001 2910 et
1019 2881 1098 2923 per
1115 2867 1274 2923 gradus
1293 2873 1381 2910 tres
1399 2866 1594 2923 procedit
1612 2872 1708 2910 orta
1725 2881 1781 2909 ex
