1887 3188
690 194 788 224 CAP.
812 193 886 223 xv.
911 184 988 232 :253
1022 195 1115 224 xvl.
1140 185 1204 224 12.
1657 186 1733 227 511

535 392 835 437 DECIMUM
866 393 1128 437 SEXTUM
1160 394 1377 437 CAPUT.

224 519 412 564 Ventum
435 521 489 563 ad
509 520 682 563 alteram
704 528 866 577 partem
887 521 1175 578 perorationis,
1207 537 1313 576 quae
1344 522 1388 563 in
1419 523 1739 566 salutationibus

166 595 304 652 posita
325 603 401 650 est,
424 612 550 652 quam
569 596 718 652 incipit
739 612 763 638 a
783 596 1146 639 commendatione
1160 596 1351 639 Phaebes
1368 598 1597 652 cujusdam,
1615 598 1741 655 [quae

168 671 278 729 erat]
297 670 625 715 Cenchraeensis
641 671 857 714 Ecclesiae
873 671 1076 725 ministra,
1094 687 1168 714 seu
1183 671 1416 714 diaconissa
1433 672 1500 728 (ut
1513 673 1744 728 loquuntur

170 754 335 790 veteres
351 746 565 802 canones,)
582 762 667 789 una
679 762 731 789 ex
746 746 885 789 viduis
901 746 1195 804 sexagenariis,
1209 763 1316 802 quae
1332 748 1627 791 ministrabant
1642 765 1745 805 pau-

167 821 349 877 peribus,
364 822 512 878 aegris,
527 821 732 875 exulibus,
749 821 992 878 peregrinis,
1007 822 1059 864 de
1075 837 1250 878 quarum
1268 823 1443 879 collegio
1459 825 1481 865 1
1500 823 1685 867 Timoth.
1703 841 1743 867 v.

174 889 423 954 Πξόστατιν,
442 898 525 953 q.d.
543 889 834 953 προὶὶτταμὲνην
850 893 925 936 τῶν
947 891 1067 946 ξενῶν,
1085 898 1198 953 quod
1214 905 1439 953 praeesset,
1456 906 1500 940 et
1515 914 1658 941 curam
1673 915 1747 956 ge-

171 980 284 1016 reret
304 973 518 1029 hospitum
539 980 582 1016 et
602 972 929 1029 peregrinorum,
952 988 1056 1028 quos
1086 973 1130 1014 in
1158 973 1329 1015 domum
1350 988 1467 1014 suam
1493 980 1620 1029 atque
1641 975 1746 1017 adeo

173 1048 300 1091 fidem
319 1048 538 1104 receperit,
560 1048 674 1103 quod
694 1047 783 1102 ejus
804 1048 965 1101 domus,
987 1047 1104 1090 velut
1124 1047 1316 1104 publicae
1346 1054 1586 1091 sanctorum
1606 1049 1747 1106 hospi-

173 1124 242 1176 tis,
264 1123 462 1166 fratribus
492 1122 723 1180 peregrinis
742 1122 940 1180 patuerit,
973 1130 1016 1165 et
1043 1128 1092 1165 ut
1118 1122 1305 1178 loquitur
1333 1122 1486 1179 Apost.
1510 1125 1532 1165 1
1555 1123 1665 1167 Tim.
1690 1141 1745 1179 v.,

174 1199 255 1241 fuit
270 1198 500 1255 hospitalis,
517 1206 756 1242 sanctorum
771 1198 900 1255 pedes
915 1198 1032 1252 lavit,
1050 1197 1247 1241 subvenit
1263 1198 1440 1251 afflictis,
1458 1205 1539 1241 etc.
1591 1198 1748 1242 Obser-

174 1289 228 1315 va
248 1273 479 1329 composita
500 1273 686 1329 ejusdem
709 1273 827 1316 verbi
842 1273 886 1315 in
901 1273 1201 1329 paronomasia,
1227 1264 1467 1329 Συνίστημι,
1490 1271 1745 1330 παραστῆτε,

174 1339 414 1404 πξῦστατις.
483 1347 570 1391 Sed
589 1348 724 1391 multo
743 1347 878 1405 magis
908 1348 1012 1390 illud
1048 1341 1083 1388 ἐν
1106 1340 1228 1405 κυρίῳ
1251 1340 1374 1396 ἀξίως
1395 1345 1471 1388 τῶν
1494 1341 1636 1403 ἁγίων,
1666 1350 1748 1405 i.e.,

172 1423 333 1467 Christi
364 1423 544 1477 nomine,
580 1423 624 1464 in
656 1423 837 1480 gratiam
872 1422 1045 1477 Christi,
1076 1431 1150 1466 aut
1180 1431 1352 1480 propter
1382 1423 1600 1467 Christum
1617 1442 1627 1467 ε
1668 1425 1748 1469 hoc

174 1499 286 1542 enim
319 1498 534 1555 proprium
568 1505 633 1541 est
670 1498 936 1542 Christianae
971 1497 1200 1552 charitatis,
1237 1514 1367 1554 quum
1402 1500 1558 1556 alioqui
1587 1501 1750 1557 profani

172 1574 361 1617 homines
373 1573 648 1616 humanitatis
663 1573 874 1616 interdum
893 1580 936 1615 et
951 1573 1249 1629 hospitalitatis
1262 1574 1498 1631 funguntur
1509 1575 1553 1616 in
1567 1576 1749 1632 speciem

175 1649 334 1693 officiis.
381 1648 510 1702 Quod
525 1648 714 1704 sequitur
729 1648 784 1690 ad
799 1648 974 1691 verbum
996 1651 1021 1673 “
1034 1649 1161 1706 digne
1178 1649 1370 1704 sanctis,’'
1387 1650 1632 1707 ambiguum
1648 1651 1752 1695 acti-

176 1740 284 1768 vene
302 1724 371 1781 (ut
390 1723 639 1780 loquuntur)
657 1739 711 1765 an
725 1723 903 1780 passive,
920 1730 969 1766 ut
989 1724 1188 1767 convenit
1203 1724 1405 1768 Romanis
1423 1725 1578 1782 quippe
1595 1727 1751 1770 sanctis

148 1851 149 1855 ¹
177 1799 371 1856 excipere
391 1806 570 1853 sanctos,
595 1814 649 1841 an
669 1806 719 1841 ut
738 1799 936 1842 convenit
957 1799 1112 1842 sanctis
1133 1799 1272 1856 excipi
1300 1800 1484 1857 hospitio
1505 1809 1549 1844 et-
1578 1802 1753 1845 tractari

176 1882 226 1918 ut
242 1874 417 1932 dignum
433 1881 498 1917 est
513 1873 698 1928 Phaeba,
715 1889 822 1930 quae
838 1881 983 1917 sancta
998 1881 1062 1917 est
1078 1889 1206 1930 soror,
1227 1891 1282 1918 an
1297 1882 1345 1918 ut
1361 1876 1537 1933 dignum
1553 1884 1618 1920 est
1632 1877 1753 1921 vobis

177 1950 334 1994 sanctis
357 1949 569 1992 fratribus.
629 1947 748 2002 Quid
777 1948 812 1992 si
841 1950 1101 2005 utrumque?
1129 1949 1363 1993 Priscillam
1385 1958 1428 1994 et
1447 1952 1650 2007 Aquilam
1679 1952 1755 1995 tri-

177 2025 256 2068 bus
277 2023 536 2081 argumentis
556 2024 835 2078 commendat,
857 2025 970 2081 quod
990 2016 1166 2082 σῦνεξγοι
1190 2018 1226 2066 ἐν
1247 2020 1418 2082 χριστῷ,
1440 2027 1556 2082 quod
1573 2042 1650 2084 pro
1665 2027 1756 2070 vita

179 2100 304 2143 Pauli
323 2115 496 2157 corpora
516 2115 592 2142 sua
606 2099 848 2156 abjecerint,
866 2101 980 2156 quod
994 2100 1074 2144 hoc
1089 2100 1257 2144 nomine
1274 2102 1327 2145 de
1343 2101 1536 2145 omnibus
1551 2102 1754 2146 Ecclesiis

181 2175 389 2220 Gentium
408 2174 516 2218 bene
535 2175 752 2231 promeriti
772 2174 870 2218 sint.
929 2174 1123 2219 Observa
1141 2176 1308 2220 illorum
1328 2177 1500 2220 domum
1519 2177 1754 2221 Ecclesiam

178 2250 392 2307 appellari.
451 2249 598 2292 Tertia
617 2249 814 2293 salutatio
840 2250 1063 2307 Epaeneti,
1093 2251 1208 2307 quod
1236 2251 1316 2294 sibi
1345 2252 1508 2307 charus,
1539 2253 1654 2309 quod
1673 2252 1757 2309 pri-

180 2325 326 2369 mitiae
345 2325 546 2379 Achaiae,
566 2325 636 2368 vel
655 2324 796 2382 potius
815 2325 958 2380 Asiae,
978 2332 1028 2369 ut
1047 2325 1207 2369 habent
1236 2326 1500 2384 exemplaria,
1531 2328 1646 2384 quod
1673 2328 1758 2385 pri-

184 2415 278 2444 mus
313 2416 366 2443 ex
399 2388 591 2444 Achaeis
612 2415 656 2442 se
688 2398 859 2443 Christo
888 2408 1173 2444 consecrasset
1195 2400 1480 2459 Evangelium
1510 2402 1756 2460 amplexus:

183 2474 437 2531 Metaphora
455 2491 481 2519 a
498 2474 704 2532 legalibus
723 2475 983 2518 ceremoniis.
1041 2475 1334 2520 Andronicum
1363 2485 1407 2520 et
1435 2476 1469 2521 J
1470 2477 1613 2520 uniam
1631 2484 1758 2522 vocat

183 2549 370 2606 insignes
388 2549 500 2592 inter
518 2549 761 2607 Apostolos,
785 2564 870 2592 non
891 2550 990 2606 quia
1022 2550 1220 2608 Apostoli
1252 2551 1380 2596 fuisse
1409 2552 1646 2607 videantur,
1675 2552 1758 2596 nisi

111 2623 115 2628 ’
185 2623 309 2667 valde
327 2623 554 2666 universali
573 2624 891 2682 significatione,
922 2625 997 2668 sed
1025 2626 1140 2682 quod
1164 2641 1319 2670 nomen
1339 2642 1483 2670 eorum
1503 2628 1617 2684 apud
1644 2628 1757 2685 ipsos

185 2699 313 2742 etiam
347 2698 576 2755 Apostolos
609 2699 772 2743 celebre
807 2706 932 2743 esset.
1001 2699 1216 2744 Dicuntur
1243 2701 1371 2745 fuisse
1400 2702 1445 2745 in
1475 2702 1660 2757 Christo,
1688 2702 1758 2746 i.e.

185 2772 357 2817 Christo
375 2772 505 2826 insiti,
526 2780 570 2816 et
589 2766 688 2816 vere
708 2774 952 2818 Christiani.
1012 2775 1060 2820 Si
1073 2775 1108 2820 J
1109 2775 1209 2820 unia
1227 2776 1413 2820 mulieris
1432 2792 1599 2832 nomen,
1619 2777 1759 2835 Apos-

187 2847 298 2891 tolus
319 2847 402 2891 dici
422 2863 506 2891 non
526 2848 680 2904 potuit.
740 2848 858 2902 Quas
879 2850 1072 2894 mulieres
1091 2851 1294 2906 nominat,
1316 2851 1512 2907 Mariam,
1542 2851 1772 2910 Tryphae-1
