1887 3188
770 237 872 267 cAP.
895 238 938 267 v.
962 226 1078 268 3-17.
1634 228 1716 268 447

122 357 205 401 fide
226 357 436 415 gloriandi
455 356 624 409 fiducia,
656 356 793 412 prima
812 356 895 398 fuit
916 357 995 399 sub
1017 372 1091 413 spe
1115 357 1274 413 gloriae
1296 357 1394 411 Dei,
1417 374 1458 400 v.
1480 360 1519 400 2.
1538 375 1548 409 ;
1581 361 1642 413 2a,
1672 359 1718 400 in

120 433 308 475 adversis
338 449 380 476 v.
406 435 446 476 3.
463 448 474 482 3
507 434 568 485 3³,
599 447 640 473 v.
676 432 742 485 11,
773 430 819 472 in
848 431 945 473 Deo
975 446 1052 486 per
1081 431 1317 473 Dominum
1347 439 1540 474 nostrum
1571 433 1716 476 Iesum

120 506 354 560 Christum,
375 522 474 548 nam
496 506 596 548 alibi
617 506 735 559 dicit,
762 505 873 548 absit
895 505 998 547 mihi
1018 505 1203 562 gloriari,
1225 506 1307 547 nisi
1327 506 1372 547 in
1393 522 1517 549 cruce
1538 508 1717 550 Domini

117 581 265 634 nostri,
298 588 393 635 etc„
426 588 470 623 et
495 581 569 636 qui
599 580 818 637 gloriatur,
852 580 896 621 in
917 580 1105 623 Domino
1136 581 1356 636 glorietur.
1417 582 1505 624 Sed
1527 589 1570 624 et
1598 598 1716 638 spem

118 656 267 698 salutis
289 663 333 698 et
354 656 552 698 solatium
583 655 627 696 in
659 655 847 697 adversis
869 671 894 697 a
913 655 1010 698 Deo
1033 670 1124 698 esse
1145 655 1189 696 in
1213 655 1386 698 Christo
1407 671 1484 711 per
1506 656 1715 712 Spiritum

119 730 326 774 Sanctum
346 731 541 787 agnoscit
557 730 806 786 Apostolus,
824 736 868 772 et
884 730 1106 785 utriusque
1124 746 1294 772 causam
1315 730 1442 785 hujus
1458 731 1611 773 tertiae
1627 732 1718 788 glo-

114 805 307 848 riationis
328 805 549 847 materiam
568 820 673 847 esse.
732 804 919 846 Materia
936 820 1036 861 ergo
1057 805 1184 860 hujus
1205 805 1469 861 gloriationis
1491 813 1555 848 est
1569 822 1716 849 recon-

115 880 354 932 ciliationis,
376 881 491 922 unde
521 880 683 935 pendet
705 879 829 932 saluS,
852 879 1107 922 beneficium
1129 896 1153 921 a
1178 880 1486 934 justificatione
1507 882 1713 937 pendens.

114 953 221 996 Ideo
243 954 360 1007 dicit,
392 969 469 1008 per
489 969 616 1008 quem
640 953 1029 996 reconciliationem
1060 954 1206 1010 adepti
1231 970 1389 1008 sumus,
1412 971 1453 997 v.
1477 957 1545 997 12.
1617 947 1714 995 Διοὶ

116 1025 242 1068 τοῦτο
266 1020 443 1085 ὥσπερ]
497 1027 787 1081 Quamobrem
809 1027 919 1070 sicut
940 1028 1179 1084 ingressum
1201 1036 1266 1071 est
1282 1036 1507 1085 peccatum
1527 1029 1571 1071 in
1592 1045 1716 1072 mun-

115 1104 230 1157 dum,
253 1111 297 1146 et
318 1119 394 1160 per
413 1110 636 1160 peccatum
667 1118 807 1152 mors3
839 1102 901 1144 ita
923 1103 1049 1144 etiam
1082 1119 1194 1146 mors
1226 1104 1497 1160 subingressa
1524 1104 1715 1160 pervasit

114 1192 260 1220 omnes
281 1178 487 1220 homines.
546 1168 646 1229 Ἐφ’
673 1167 708 1215 ὦ
728 1170 881 1223 πάντες
904 1170 1100 1234 ἥμαρτον,
1134 1179 1187 1220 ab
1210 1194 1320 1233 eum,
1343 1179 1397 1221 ob
1419 1195 1545 1234 quem
1568 1195 1714 1222 omnes

113 1259 358 1308 peccarunt.
417 1252 501 1295 Est
532 1254 645 1295 enim
675 1244 735 1305 ἐφ’
762 1243 796 1308 ᾧ
824 1254 1085 1310 ambiguum,
1117 1254 1284 1310 generis
1307 1254 1374 1296 vel
1405 1254 1627 1296 masculini
1658 1255 1713 1297 de

111 1327 296 1381 Adamo,
332 1327 401 1370 vel
436 1328 578 1370 neutri
613 1344 784 1370 causam
823 1328 1030 1370 indicans.
1090 1329 1279 1371 Videtur
1306 1335 1451 1371 autem
1485 1330 1590 1372 haec
1626 1345 1713 1372 non

111 1401 275 1455 mutila,
298 1402 371 1444 sed
393 1402 519 1458 plena
540 1402 788 1456 similitudo,
820 1419 905 1458 qua
925 1403 1010 1445 alte
1031 1404 1189 1459 repetit
1210 1410 1511 1460 argumentum
1530 1405 1712 1447 fiduciae

111 1483 155 1519 et
184 1476 449 1533 gloriationis
479 1484 650 1519 nostrae
671 1493 696 1519 a
716 1477 802 1520 Dei
832 1478 1068 1531 voluntate,
1101 1478 1230 1520 etiam
1260 1485 1366 1532 tum,
1398 1494 1496 1521 cum
1526 1479 1711 1535 primum

109 1551 379 1607 permitteret
400 1551 615 1593 hominem
631 1552 717 1594 labi
737 1552 780 1593 in
801 1560 1026 1608 peccatum
1055 1560 1099 1594 et
1124 1559 1320 1606 mortem,
1342 1569 1385 1608 q.
1407 1554 1448 1595 d.
1470 1561 1709 1609 propterea,

109 1632 160 1668 ut
181 1633 294 1669 esset
313 1626 436 1668 nobis
467 1627 607 1682 ampla
636 1627 847 1683 gloriandi
868 1627 912 1668 in
934 1627 1030 1669 Deo
1050 1642 1127 1682 per
1149 1626 1370 1669 Christum
1400 1628 1590 1682 materia,
1622 1644 1709 1671 non

110 1700 246 1743 solum
267 1700 463 1756 peccavit
482 1700 640 1754 Adam,
672 1707 715 1743 et
737 1701 791 1743 ob
812 1708 1037 1757 peccatum
1057 1701 1186 1743 morti
1206 1701 1414 1744 obnoxius
1435 1703 1530 1757 fuit,
1559 1719 1709 1746 verum

110 1775 240 1817 etiam
271 1783 453 1817 mortem
485 1791 582 1818 cum
618 1783 795 1831 peccato
830 1775 1064 1818 transfudit
1098 1775 1142 1817 in
1176 1792 1322 1819 omnes
1359 1777 1449 1832 ejus
1484 1785 1677 1833 posteros
1694 1794 1705 1829 3

109 1856 240 1906 atque
260 1849 322 1892 ita
341 1841 476 1906 ὥσπερ
497 1857 540 1892 et
561 1841 692 1896 οὕτως
712 1850 826 1892 inter
841 1866 885 1893 se
906 1851 1179 1906 respondent,
1201 1859 1251 1893 ut
1266 1859 1394 1894 notae
1415 1852 1706 1895 similitudinis

107 1923 299 1981 protasin
319 1931 364 1966 et
384 1924 590 1980 apodosin
616 1925 730 1967 inter
749 1939 794 1967 se
815 1925 1138 1982 conjungentes,
1159 1915 1238 1964 καὶ
1260 1941 1360 1968 vero
1380 1925 1590 1982 particula
1617 1942 1706 1969 non

107 1999 334 2053 redundat,
356 1999 433 2042 sed
447 2006 579 2055 auget
595 2015 779 2054 sensum,
801 2007 851 2041 ut
866 1999 1026 2042 Latine
1043 2000 1102 2042 sic
1120 2000 1263 2042 etiam.
1323 2000 1425 2043 Duo
1440 2000 1574 2057 igitur
1589 2008 1703 2056 sunt,

107 2080 332 2131 peccatum
354 2080 398 2116 et
419 2089 544 2127 mors,
576 2073 730 2129 quibus
756 2075 841 2116 duo
863 2074 1170 2129 attribuuntur,
1200 2074 1402 2117 nimirum
1421 2075 1637 2131 ingressus
1659 2083 1704 2119 et

106 2147 305 2204 privatio,
329 2148 495 2191 Graece
516 2149 666 2191 melius
684 2141 858 2200 ἓισῆλθη,
882 2139 958 2188 καὶ
973 2141 1125 2197 διῆλθη,
1148 2149 1258 2192 sicut
1278 2157 1503 2206 peccatum
1525 2157 1570 2193 et
1589 2165 1703 2193 mors

106 2222 299 2279 ingressa
319 2229 420 2265 sunt
439 2222 673 2265 humanum
697 2239 834 2280 genus
854 2239 932 2280 per
950 2225 1134 2280 primum
1155 2224 1384 2279 hominem,
1416 2225 1476 2267 sic
1505 2240 1704 2281 pervase-

106 2304 209 2340 runt
239 2312 386 2340 omnes
415 2297 622 2352 homines,
653 2306 704 2340 ut
727 2299 819 2354 jam
848 2298 949 2341 inde
984 2315 1010 2341 a
1038 2299 1162 2355 lapsu
1191 2299 1351 2342 fuerint
1380 2306 1626 2355 peccatores
1657 2306 1702 2342 et

105 2372 319 2426 mortales,
356 2379 401 2415 et
434 2372 635 2415 mortales
676 2372 777 2428 quia
809 2380 1070 2429 peccatores,
1107 2380 1152 2416 et
1190 2381 1436 2430 peccatores
1476 2381 1703 2430 propterea

106 2446 223 2503 quod
241 2446 288 2488 in
306 2446 444 2503 primo
463 2447 635 2490 homine
655 2447 886 2504 peccarint,
915 2448 984 2490 vel
1005 2448 1155 2491 saltem
1175 2455 1352 2504 propter
1371 2448 1497 2504 primi
1516 2448 1701 2492 hominis

105 2528 332 2578 peccatum
350 2536 450 2564 cum
477 2521 571 2578 ipso
592 2529 637 2565 et
656 2522 718 2565 rei
739 2522 838 2576 sint,
870 2528 916 2565 et
944 2529 1122 2579 peccato
1145 2522 1308 2577 infecti,
1338 2529 1389 2566 ut
1417 2538 1506 2566 non
1534 2524 1700 2580 possint

106 2595 288 2652 amplius
317 2610 404 2638 non
431 2611 636 2652 peccare3
666 2612 865 2654 peccasse
895 2603 1041 2640 autem
1069 2597 1236 2653 probat,
1266 2598 1382 2653 quod
1411 2605 1634 2654 peccatum
1655 2598 1701 2640 in

105 2669 268 2712 mundo
287 2668 416 2712 fuerit
430 2684 566 2726 usque
581 2671 636 2713 ad
650 2671 791 2728 legem
805 2670 956 2725 Mosis,
978 2672 1093 2727 quod
1109 2671 1262 2728 probat
1277 2671 1331 2714 ab
1347 2671 1501 2716 effecto
1520 2672 1700 2729 peccati,

107 2743 266 2800 quippe
285 2750 423 2786 morte
442 2743 548 2800 ipsa,
577 2759 688 2800 quae
716 2753 910 2803 grassata
939 2753 1005 2789 est
1024 2745 1070 2788 in
1090 2733 1237 2790 omnes
1266 2746 1459 2805 homines
1489 2761 1624 2802 usque
1644 2747 1701 2789 ad

106 2818 276 2861 Mosem
307 2824 352 2860 et
380 2817 596 2874 deinceps.
653 2819 773 2877 Ergo
792 2827 1019 2877 peccatum
1037 2820 1168 2864 fuisse
1198 2817 1401 2878 oportuit,
1431 2821 1553 2876 cujus
1573 2836 1702 2864 causa

108 2905 256 2935 omnes
275 2890 468 2934 homines
488 2898 670 2935 mortem
690 2893 914 2937 subierunt
928 2895 1149 2950 promeriti
1165 2910 1176 2945 ;
1207 2910 1356 2938 verum
1376 2894 1468 2938 sine
1487 2895 1583 2952 lege
1601 2911 1702 2953 pec-
