1887 3188
202 192 286 232 424
858 203 1240 244 COMMENTARIUS,

205 322 338 379 igitur
357 329 706 379 argumentatur3
729 324 848 366 Deus
871 331 935 366 est
949 324 1092 379 justus
1108 324 1243 379 judex
1263 324 1307 364 in
1327 323 1520 378 injustos,
1538 322 1687 365 sivein
1703 337 1787 375 eos,

206 398 280 452 qui
293 397 395 440 talia
410 404 543 454 agunt
559 414 570 448 3
601 399 721 453 atqui
737 406 785 440 tu
800 399 1024 454 hypocrita
1039 399 1222 453 injustus
1244 414 1301 451 es,
1323 404 1366 440 et
1388 398 1489 439 talia
1510 397 1625 453 agis3
1656 397 1788 452 Ergo,

206 471 326 514 Deus
347 472 392 513 in
413 480 456 515 te
479 473 558 514 erit
573 473 715 527 justus
740 474 888 527 judex,
921 480 964 514 et
991 473 1103 527 quod
1125 473 1238 514 idem
1269 479 1346 524 est,
1377 472 1461 514 Dei
1476 471 1686 526 judicium
1705 486 1792 512 non

209 546 399 602 effugies.
459 547 623 589 Rursus
658 547 872 589 hominem
908 546 1093 602 appellat
1127 553 1170 588 et
1204 546 1525 601 praefidentiam
1560 545 1719 600 objicit,
1751 550 1795 586 et

206 621 585 678 interrogationem
614 621 800 677 figurans
832 621 1065 662 orationem
1096 620 1232 661 acrius
1261 620 1415 675 pungit
1441 620 1708 675 hypocritam
1738 618 1794 659 ad

207 695 368 738 larvam
389 696 693 738 detrahendam
711 711 721 744 3
753 695 934 749 ideoque
955 694 1111 749 repetit
1133 709 1157 734 a
1176 693 1347 749 paribus
1369 700 1678 749 argumentum,
1709 707 1794 747 quo

210 785 285 812 suo
307 770 438 825 ipsius
453 769 616 824 judicio
637 769 776 824 ipsum
806 769 1136 811 condemnatum
1166 774 1330 823 arguat.
1390 767 1560 808 Deinde
1581 781 1698 822 spem
1718 766 1797 807 im-

210 844 418 899 punitatis
449 843 655 899 anticipat
686 843 907 885 collectam
938 858 990 884 ex
1014 857 1175 897 poenae
1207 841 1422 894 dilatione,
1454 841 1539 883 acsi
1560 840 1620 883 sic
1650 847 1798 896 ageret

209 917 435 973 hypocrita
452 933 461 958 :
486 917 595 959 Cum
612 917 732 959 Deus
749 917 804 958 sit
819 908 1146 972 καξδιογνώστης
1162 932 1209 958 ac
1226 916 1339 958 norit
1355 916 1497 958 omnia
1512 915 1639 957 etiam
1661 914 1800 957 occul-

210 992 387 1044 tissima,
418 991 535 1044 mihi,
568 991 603 1033 si
634 992 864 1033 eorundem
895 991 1100 1033 scelerum
1125 1006 1221 1032 reus
1252 1005 1399 1043 essem,
1432 1005 1539 1045 quae
1570 990 1724 1031 damno
1753 988 1797 1030 in

211 1065 317 1119 aliis,
339 1066 456 1118 mihi,
478 1065 664 1120 inquam,
696 1072 784 1107 tam
806 1065 880 1107 diu
900 1080 985 1107 non
1008 1065 1279 1121 pepercisset.
1340 1064 1468 1107 Hanc
1498 1064 1667 1106 divinae
1695 1062 1798 1105 leni-

210 1140 313 1182 tatis
328 1147 371 1182 et
384 1140 634 1182 tolerantiae
648 1140 942 1195 exceptionem
955 1146 1174 1194 retorquet
1186 1139 1433 1194 Apostolus,
1448 1139 1657 1193 docetque
1670 1137 1800 1179 alium

211 1214 255 1255 in
285 1214 414 1257 finem
445 1222 650 1270 spectare,
681 1229 767 1256 non
792 1221 840 1256 ut
861 1229 935 1269 spe
955 1213 1222 1269 impunitatis
1242 1219 1393 1269 pergat
1413 1212 1593 1268 amplius
1612 1227 1801 1268 peccare,

213 1289 289 1331 sed
309 1295 371 1342 ut,
397 1288 614 1331 facilitatis
645 1288 814 1331 divinae
855 1288 1066 1330 suavitate
1102 1289 1154 1330 ad
1191 1287 1525 1344 resipiscentiam
1564 1285 1801 1339 invitantis,

213 1363 348 1406 vitam
368 1363 414 1404 in
433 1363 583 1405 melius
605 1370 852 1416 commutet,
875 1369 919 1404 et
939 1363 1054 1418 quod
1069 1362 1240 1418 gravius
1263 1368 1341 1415 est,
1362 1367 1509 1403 tantae
1524 1360 1802 1417 benignitatis

215 1444 487 1493 contemptus
508 1453 628 1479 reum
647 1437 827 1493 peragit,
858 1437 943 1479 imo
964 1452 1065 1478 vero
1087 1436 1140 1478 ob
1162 1436 1361 1477 duritiem
1386 1435 1524 1478 cordis
1546 1441 1590 1477 et
1610 1435 1806 1477 obfirma-

215 1518 310 1554 tum
329 1512 374 1553 in
394 1512 505 1554 malo
526 1512 727 1564 animum,
759 1519 921 1554 certum
945 1518 987 1553 et
1008 1526 1138 1567 grave
1166 1509 1344 1553 exitium
1364 1509 1662 1552 interminatur
1681 1509 1807 1552 meri-

215 1586 379 1628 tissimo
397 1602 407 1627 z
440 1586 554 1641 quod
581 1585 711 1627 verbo
743 1577 996 1640 θησαυρίζεις
1031 1584 1197 1640 signate
1238 1584 1458 1638 expressit,
1498 1584 1573 1625 ubi
1606 1583 1805 1626 universo

216 1661 362 1703 ordine
387 1651 504 1716 ὄξγῆν
522 1655 575 1716 τῇ
591 1650 880 1716 μακροθυμίᾳ,
900 1649 1186 1710 ἀποκάλυψιν
1204 1653 1258 1714 τῇ
1283 1649 1430 1714 οἱνοχῇ,
1449 1664 1492 1700 et
1512 1649 1806 1713 δικαιοκρισίαν

218 1730 273 1793 τῇ
295 1726 546 1791 χξηστότητι
563 1735 752 1790 opponit,
770 1749 811 1789 q.
828 1735 870 1776 d.
886 1734 1020 1787 Deus,
1043 1734 1116 1789 qui
1136 1734 1342 1776 hactenus
1363 1732 1497 1775 facilis
1519 1739 1562 1774 et
1581 1732 1808 1788 indulgens

217 1817 341 1866 pater
360 1809 454 1863 fuit,
485 1808 654 1851 futurus
676 1815 741 1850 est
770 1814 936 1850 mature
961 1808 1104 1863 justus
1128 1808 1265 1862 judex
1295 1813 1339 1850 et
1367 1806 1663 1856 inexorabilis3
1694 1805 1810 1862 quod

219 1883 372 1940 probat
395 1886 420 1926 6
441 1899 482 1926 v.
503 1883 691 1940 generali
712 1882 926 1925 sententia
945 1882 1115 1925 divinae
1129 1882 1324 1937 justitiae
1340 1890 1636 1935 consentanea,
1657 1880 1810 1923 reddet

219 1958 375 2013 cuique
394 1957 516 2000 Deus
547 1957 781 2000 secundum
811 1972 940 2013 opera
968 1972 1071 2007 sua3
1103 1972 1152 1999 ac
1173 1956 1320 1998 statim
1344 1955 1644 1998 distributione
1673 1954 1812 1997 utitur

221 2047 299 2088 per
318 2031 646 2085 concessionem,
669 2031 791 2086 quasi
810 2031 882 2073 alii
895 2031 1003 2085 justi
1023 2037 1189 2084 natura,
1221 2031 1293 2073 alii
1311 2030 1460 2086 injusti
1481 2035 1650 2080 essent3
1680 2035 1811 2084 atque

220 2105 283 2148 ita
291 2105 421 2161 justis
437 2105 619 2148 salutem
634 2112 863 2159 aeternam,
877 2105 1046 2160 injustis
1059 2105 1286 2148 denuntiat
1302 2104 1480 2147 exitium
1493 2103 1811 2159 sempiternum,

221 2180 313 2223 sive
332 2179 394 2221 illi
413 2179 447 2223 J
449 2179 576 2222 udaei
594 2179 765 2233 fuerint,
783 2179 877 2230 ,sive
899 2179 1069 2233 Graec-i,
1090 2179 1118 2222 i.
1141 2195 1177 2222 e.
1195 2179 1361 2221 sublato
1376 2192 1650 2234 personarum
1665 2176 1813 2220 discri-

221 2255 367 2305 mine3
397 2254 471 2296 ubi
501 2253 690 2296 notanda
717 2253 1017 2310 propositionis
1047 2253 1256 2309 generalis
1281 2252 1494 2295 sententia
1522 2251 1592 2294 hic
1622 2265 1814 2307 compre·-

221 2329 367 2372 hensa.
425 2328 583 2370 Nullus
603 2327 787 2383 injustus
809 2343 862 2370 ex
882 2326 1079 2384 operibus
1099 2343 1241 2370 coram
1260 2326 1356 2369 Deo
1370 2325 1688 2381 justificabitur,
1713 2337 1814 2368 cum

223 2403 402 2456 ratione,
423 2402 524 2458 quia
535 2402 657 2445 Deus
678 2409 743 2444 est
757 2403 901 2458 justus
915 2402 1052 2457 judex
1066 2401 1310 2444 redditurus
1330 2400 1559 2455 unicuique
1579 2399 1815 2443 secundum

223 2490 353 2532 opera
373 2492 461 2530 sua,
483 2476 544 2518 ita
565 2483 613 2518 ut
633 2476 755 2518 bonis
774 2476 896 2530 bene,
917 2475 1038 2517 malis
1059 2475 1168 2517 male
1189 2475 1245 2517 sit
1265 2474 1455 2516 futurum
1472 2490 1497 2516 a
1511 2474 1608 2517 Deo
1624 2489 1636 2524 3
1667 2473 1814 2530 sicque

223 2550 410 2593 illustrat
448 2549 653 2592 antithesi
693 2557 738 2592 et
776 2549 988 2592 contrario
1022 2549 1230 2591 bonorum
1263 2548 1451 2604 praemio
1487 2547 1666 2591 exitium
1693 2547 1813 2604 quod

223 2624 346 2668 malis
375 2623 600 2679 impendit.
687 2623 888 2666 Pluribus
917 2622 1120 2665 describit
1148 2629 1238 2665 tam
1267 2622 1401 2665 bonos
1430 2637 1559 2678 quam
1591 2621 1738 2676 malos,
1770 2621 1816 2664 et

225 2699 434 2742 bonorum
453 2697 653 2754 praemia,
687 2697 894 2740 malorum
924 2696 1143 2753 supplicia,
1175 2697 1366 2740 oratione
1393 2697 1522 2740 etiam
1552 2696 1608 2739 ad
1641 2701 1816 2752 captum

226 2772 496 2816 ethnicorum
515 2778 811 2828 attemperata,
832 2777 882 2813 ut
897 2770 940 2812 in
961 2776 1055 2813 tota
1070 2771 1285 2826 superiore
1301 2764 1623 2828 disceptatione.
1680 2769 1816 2813 Vide-

226 2853 300 2890 tur
318 2853 463 2889 autem
482 2845 616 2889 malos
634 2845 847 2902 appellare
866 2835 966 2892 τοὺς
985 2837 1030 2892 ἐξ
1053 2837 1230 2902 ἐριθείας,
1252 2845 1476 2902 injuriosos
1495 2844 1540 2888 in
1555 2843 1748 2888 homines
1768 2848 1816 2887 et
