1887 3188
227 220 280 260 48
288 220 311 259 6
832 226 1214 267 COMMENTARIUS,

228 356 271 391 et
301 348 431 389 Esaia
460 347 654 400 testibus,
689 350 726 399 7,
759 349 798 400 8,
832 349 870 400 9,
905 348 971 389 1Ο.
1030 346 1179 401 Atque
1208 345 1414 388 hactenus
1446 344 1591 387 docuit
1615 360 1813 401 magnam

227 429 392 478 partem
413 421 692 474 Judaeorum,
714 420 840 462 salvis
868 427 1012 462 tamen
1033 435 1086 461 ex
1105 421 1244 476 gratia
1263 419 1464 474 reliquiis,
1488 419 1814 461 exhaeredatam

229 512 333 549 esse,
364 511 477 538 nunc
506 511 530 537 a
555 511 595 537 v.
620 496 671 536 11
704 495 758 536 ad
788 496 854 547 17,
885 494 1013 535 finem
1043 493 1220 534 assumit
1249 493 1462 548 duplicem
1493 492 1815 535 subordinatum

227 570 386 627 gloriae
407 570 505 622 Dei,
537 584 612 611 cur
631 569 693 610 illi
714 568 851 610 visum
881 567 1201 609 multitudinem
1221 567 1254 609 J
1256 568 1486 609 udaeorum
1512 567 1740 609 maximam
1762 566 1816 608 ab

227 644 421 687 Ecclesia
442 658 649 698 separare,
682 657 862 696 quorum
892 642 1000 682 alter
1031 640 1253 693 Gentium,
1284 641 1391 682 alter
1418 641 1685 683 Judaeorum
1705 641 1816 684 bono

228 718 419 761 inservit.
478 717 603 758 Prior
629 716 738 768 finis,
769 722 819 757 ut
850 715 1068 757 occasione
1098 715 1178 756 hac
1207 720 1375 769 pateret
1404 714 1522 756 locus
1541 715 1742 757 vocandis
1772 715 1818 756 in

228 792 447 835 ecclesiam
458 790 693 839 Gentibus3
716 789 937 844 posterior,
954 796 1003 830 ut
1020 788 1303 830 aemulatione
1319 787 1527 831 Gentium
1541 803 1819 843 provocaren-

227 874 298 908 tur
319 866 447 907 etiam
468 864 641 917 Judaei,
664 865 719 905 ad
739 863 881 905 Deum
904 863 1245 918 amplexandum.
1295 862 1398 904 Non
1418 862 1514 905 ideo
1535 862 1667 919 igitur
1686 862 1819 918 impe-

227 946 396 996 gerunt,
427 945 478 980 ut
507 953 677 993 prorsus
707 937 995 993 prolabantur,
1026 937 1054 978 i.
1077 952 1113 979 e.
1145 936 1207 978 ita
1237 936 1498 990 defecerunt,
1529 943 1579 979 ut
1609 943 1683 979 aut
1714 936 1820 979 nulli

228 1014 325 1056 usui
346 1013 401 1055 sit
423 1028 567 1055 eorum
590 1012 786 1065 defectio,
818 1018 891 1053 aut
923 1018 971 1053 ut
996 1011 1051 1053 sit
1071 1018 1279 1066 perpetuo
1301 1011 1504 1052 duratura
1533 1026 1587 1052 ex
1617 1011 1714 1053 odio
1734 1010 1820 1053 Dei

227 1088 271 1129 in
292 1087 496 1143 populum
522 1102 657 1139 suum,
684 1102 724 1127 v.
749 1088 816 1127 11.
874 1085 1069 1127 Illustrat
1096 1085 1173 1127 hos
1201 1085 1307 1126 duos
1337 1085 1456 1138 fines,
1482 1100 1523 1127 v.
1547 1086 1614 1126 12.
1673 1085 1735 1127 Et
1765 1100 1819 1127 ex

227 1163 366 1218 priore
388 1161 562 1203 deducit
579 1160 856 1217 posteriorem
877 1166 1050 1201 auctum
1066 1174 1177 1201 novo
1198 1166 1462 1215 argumento,
1485 1159 1641 1214 quippe
1661 1159 1819 1214 majore

230 1236 439 1279 Gentium
457 1242 500 1277 et
517 1235 718 1277 ecclesiae
734 1234 859 1287 bono,
877 1249 1003 1289 quem
1019 1233 1148 1275 finem
1163 1233 1439 1288 posteriorem
1455 1233 1606 1288 probat
1627 1233 1820 1289 exemplo

228 1326 317 1364 suo,
340 1310 414 1366 qui
435 1325 484 1352 eo
506 1309 635 1351 etiam
656 1308 903 1364 diligentius
919 1307 1112 1363 fungitur
1132 1307 1391 1362 Apostolatu
1411 1322 1487 1349 suo
1507 1307 1620 1350 inter
1641 1307 1820 1363 Gentes,

227 1392 277 1427 ut
297 1384 493 1440 gentium
509 1383 703 1438 exemplo
715 1382 877 1425 Judaei
896 1388 1182 1437 provocentur
1197 1382 1252 1423 ad
1272 1388 1463 1424 sanctam
1478 1382 1819 1436 aemulationem,

227 1465 277 1501 ut
309 1458 344 1500 si
377 1473 462 1513 quo
497 1457 623 1498 modo
658 1456 750 1498 fieri
784 1455 932 1511 possit,
967 1462 1017 1497 ut
1051 1470 1103 1497 ex
1134 1455 1237 1510 ipsis
1270 1455 1401 1510 aliqui
1433 1441 1670 1498 serventur.
1729 1456 1821 1499 Ubi

227 1533 420 1575 Judaeos
452 1546 620 1574 carnem
653 1545 784 1583 suam,
816 1530 843 1571 i.
870 1545 906 1571 e.
937 1529 1273 1585 consanguineos
1293 1536 1432 1582 vocat,
1464 1532 1530 1582 13,
1562 1531 1628 1571 14.
1690 1529 1820 1582 Quod

228 1607 418 1650 studium
449 1620 571 1648 suum
597 1605 819 1647 confirmat
841 1603 893 1645 ab
916 1610 1087 1655 eventu,
1116 1602 1199 1644 nisi
1228 1603 1364 1644 mavis
1396 1603 1548 1645 effecto
1575 1603 1672 1646 utili
1692 1604 1822 1647 etiam

231 1680 447 1724 Gentibus
470 1695 522 1722 ex
544 1678 829 1721 aemulatione
845 1677 1126 1729 Judaeorum,
1148 1676 1404 1732 amplificato
1424 1677 1634 1720 minorum
1654 1693 1823 1734 compa-

228 1755 405 1808 ratione,
423 1771 463 1797 v.
483 1756 536 1797 15
555 1761 598 1796 et
618 1755 686 1796 16.
732 1752 934 1806 Denique
955 1751 1135 1793 eandem
1155 1750 1422 1793 vocationem
1441 1750 1475 1793 J
1477 1751 1708 1794 udaeorum
1726 1767 1823 1808 pro-

228 1830 303 1872 bat
318 1827 581 1884 argumentis
601 1827 780 1883 parium,
802 1825 964 1882 duplici
979 1824 1257 1867 similitudine
1273 1824 1507 1878 illustratis,
1528 1825 1822 1869 Abrahamum

228 1903 426 1960 primitiis
449 1909 492 1945 et
512 1901 658 1954 radici,
689 1900 883 1943 Judaeos
909 1914 1073 1942 massae
1103 1905 1148 1941 et
1177 1899 1304 1941 ramis
1335 1899 1582 1949 conferens;
1612 1907 1663 1942 ut
1682 1915 1821 1944 massa·

229 1978 274 2019 in
294 1976 492 2033 primitiis
509 1975 810 2028 sanctificatur,
828 1980 872 2017 et
888 1973 995 2016 rami
1009 1973 1054 2014 in
1069 1973 1214 2026 radici,
1231 1980 1280 2015 ut
1296 1973 1432 2028 qualis
1452 1973 1586 2027 radiX,
1606 1974 1714 2017 tales
1734 1974 1821 2018 sint

229 2051 363 2093 rami:
394 2051 456 2092 ita
475 2050 520 2091 in
540 2049 786 2091 Abrahamo
807 2047 968 2104 posteri
996 2046 1178 2089 foederis
1207 2047 1372 2090 ratione
1402 2053 1501 2089 sunt
1527 2048 1675 2102 nancti,
1706 2049 1822 2104 quod

229 2141 317 2168 non
337 2126 391 2167 de
412 2124 589 2180 singulis
610 2123 950 2179 intelligendum,
980 2128 1030 2163 ut
1060 2121 1244 2162 diximus
1275 2136 1401 2176 supra
1414 2137 1425 2170 3
1457 2121 1555 2164 vide
1578 2123 1600 2163 1
1625 2121 1724 2165 Cor.
1747 2121 1820 2166 vii.

231 2202 314 2250 143
345 2198 491 2242 Levit.
520 2213 612 2253 cap.
639 2197 758 2238 xxiii.
786 2212 828 2239 v.
852 2197 920 2237 14.
979 2195 1051 2237 Ex
1074 2195 1154 2238 hac
1177 2195 1512 2257 sanctificatione
1538 2196 1820 2251 posteriorum

230 2273 478 2326 Abrahami,
499 2271 528 2313 i.
545 2288 582 2314 e.
598 2271 865 2314 ,Iudaeorum
879 2275 1049 2312 retenta
1069 2269 1346 2311 similitudine
1366 2268 1518 2311 radicis
1535 2275 1578 2312 et
1592 2284 1819 2325 ramorum,

231 2349 432 2390 admonet
463 2346 642 2399 Gentes,
672 2361 727 2388 ne
754 2344 973 2397 ferociant,
1005 2349 1080 2386 aut
1109 2343 1143 2386 J
1144 2343 1291 2386 udaeis
1321 2342 1542 2385 insultent.
1615 2342 1708 2385 Ubi
1734 2359 1822 2387 em-

231 2420 520 2478 plastrationis
555 2420 645 2463 sive
679 2418 976 2462 inoculationis
1011 2416 1363 2473 significationem
1397 2415 1576 2459 observa
1608 2416 1654 2459 in
1687 2417 1820 2462 verbo

233 2485 538 2551 ἐνεκεντρίσθης,
560 2494 678 2549 quod
693 2492 784 2536 Cic.
801 2492 912 2534 dixit
927 2491 1118 2544 infindi,*
1138 2491 1167 2532 i.
1181 2506 1217 2533 e.
1238 2490 1284 2531 in
1303 2489 1450 2532 fissum
1463 2496 1663 2534 truncum
1677 2490 1820 2546 inseri,

233 2569 293 2612 sic
313 2568 464 2610 infindi
483 2568 528 2609 in
543 2583 679 2624 genus
700 2573 775 2609 aut
790 2566 1006 2608 familiam.
1064 2564 1237 2607 Interea
1251 2563 1505 2607 beneficium
1524 2564 1688 2621 gratiae
1706 2571 1822 2610 com÷

232 2648 440 2686 memorat
459 2642 506 2683 in
527 2641 692 2684 Gentes
713 2640 927 2693 collatum,
948 2639 1062 2682 facta
1084 2638 1302 2681 mentione
1331 2638 1482 2694 prioris
1512 2645 1662 2693 status,
1693 2655 1821 2695 quem

235 2722 453 2772 comparat
472 2730 571 2758 cum
591 2715 785 2767 oleastro,
817 2713 891 2768 qui
909 2728 1023 2755 nunc
1043 2711 1197 2754 insitus
1226 2712 1397 2755 nativae
1418 2712 1536 2755 oleae
1554 2713 1700 2767 radici,
1730 2714 1820 2769 ejus

277 2824 296 2844 *
315 2823 388 2866 [Sic
402 2823 438 2855 in
450 2822 535 2863 MS„
551 2823 610 2856 sed
625 2823 770 2864 aliquem
793 2831 936 2854 errorem
948 2821 1002 2853 vel
1016 2821 1052 2852 in
1067 2825 1201 2854 auctore
1215 2822 1270 2854 vel
1284 2822 1318 2854 in
1335 2822 1537 2863 exscriptore
1561 2822 1712 2855 hocloco
1723 2822 1820 2855 valde

234 2875 398 2917 suspicor3
422 2885 595 2917 nusquam,
610 2881 647 2906 ut
662 2875 787 2916 opinor,
805 2873 894 2915 apud
910 2872 1103 2905 Ciceronem
1119 2873 1260 2905 occurrit
1274 2873 1338 2905 hoc
1352 2873 1516 2915 verbum]
