1887 3188
234 212 320 253 434
839 225 1222 268 COMMENTARIUS,

237 358 379 386 coram
414 343 587 386 coelesti
611 344 756 400 judice
787 345 1074 388 absolvantur.
1148 346 1266 399 Quid
1297 351 1490 402 superest
1521 359 1635 401 ergo,
1665 344 1747 387 nisi
1777 350 1828 386 ut

236 433 372 474 genus
392 418 612 461 hominum
632 419 823 462 funditus
845 428 991 476 pereat
1012 421 1287 463 universum?
1307 420 1418 463 bona
1439 419 1581 473 verba,
1615 418 1733 471 Quin
1753 433 1829 474 po-

237 492 322 535 tius
345 493 515 535 exclusa
536 509 588 535 ex
608 501 784 536 naturae
806 495 965 536 viribus
988 510 1159 550 operum
1177 495 1347 549 justitia
1367 496 1419 536 ad
1441 494 1525 536 Dei
1540 494 1753 548 justitiam
1775 507 1829 534 ex

236 566 320 608 fide
341 567 385 607 in
402 567 639 623 Evangelio
655 567 912 623 patefactam
927 569 1232 624 confugiamus.
1282 569 1338 611 V.
1361 571 1428 622 21,
1452 560 1563 608 Νυνὶ
1585 559 1637 607 δὲ.
1697 568 1828 610 Nunc

237 647 394 694 autem,
425 640 566 695 inquit
595 640 843 696 Apostolus,
866 641 1025 696 absque
1055 641 1163 698 lege,
1189 642 1360 696 justitia
1389 642 1474 684 Dei
1502 642 1717 698 patefacta
1746 649 1825 695 est,

237 715 394 770 quippe
424 730 500 770 per
529 714 828 770 Evangelium,
859 731 900 756 v.
924 717 991 768 17,
1024 731 1114 771 cap.
1139 718 1177 757 1.
1207 716 1311 758 haec
1341 716 1474 772 igitur
1497 716 1668 770 justitia
1686 731 1826 771 neque

236 788 382 844 legalis
424 795 501 841 est,
543 788 643 843 quia
677 788 838 843 absque
872 789 980 845 lege,
1017 805 1155 844 neque
1187 790 1384 843 humana,
1417 790 1516 845 quia
1545 790 1630 831 Dei
1656 789 1828 844 justitia

236 870 313 914 est,
349 869 392 903 et
424 877 537 904 nunc
569 861 753 917 primum
783 862 828 903 in
860 862 1031 905 Christo
1063 864 1200 918 palam
1233 864 1446 905 exhibita:
1482 879 1631 905 verum
1664 875 1827 920 μιαςτυ-

235 928 416 992 ρουμένη,
439 937 466 978 i.
485 952 534 989 e.,
557 944 810 990 contestata,
842 937 976 994 Legis
1007 945 1050 979 et
1080 937 1394 993 Prophetarum
1426 937 1678 980 testimoniis
1702 945 1826 980 tanto

234 1020 333 1053 ante
355 1011 640 1066 comprobata,
662 1018 711 1052 ut
733 1012 785 1053 de
802 1011 1052 1068 Evangelio,
1069 1028 1110 1053 v.
1133 1014 1172 1053 2.
1194 1027 1285 1068 cap.
1309 1014 1347 1053 1.
1363 1012 1578 1067 praefatus
1596 1019 1673 1054 est.
1729 1011 1825 1054 Neo

233 1085 318 1127 Dei
340 1086 475 1127 solum
497 1092 562 1127 est
590 1085 694 1128 haec
710 1086 892 1140 justitia,
916 1087 990 1128 sed
1012 1086 1140 1128 etiam
1161 1086 1260 1128 fidei
1279 1103 1288 1128 :
1320 1086 1415 1128 ideo
1437 1086 1669 1143 subjungit,
1690 1102 1732 1128 v.
1754 1088 1824 1140 22,

232 1159 416 1202 Justitia
448 1167 591 1202 autem
624 1159 709 1201 Dei
740 1175 817 1215 per
848 1160 988 1213 fidem,
1020 1168 1069 1202 ut
1102 1162 1139 1202 l.
1171 1176 1263 1216 cap.
1288 1163 1339 1204 17
1362 1177 1416 1214 v.,
1447 1160 1631 1203 Justitia
1657 1161 1741 1203 Dei
1772 1175 1826 1203 ex

231 1234 329 1276 fide.
388 1234 496 1276 Mox
513 1234 696 1288 additur,
718 1234 751 1277 J
755 1250 828 1276 esu
847 1234 1021 1289 Christi,
1042 1242 1091 1277 ut
1111 1235 1211 1277 fidei
1227 1235 1440 1290 objectum
1456 1235 1673 1291 proprium
1694 1235 1826 1292 assig-

230 1317 358 1351 netur
377 1324 462 1351 non
483 1316 572 1351 tam
594 1309 714 1351 Deus
735 1317 809 1351 aut
830 1309 915 1352 Dei
935 1309 1112 1352 verbum
1132 1309 1176 1350 in
1197 1325 1365 1365 genere,
1381 1325 1508 1364 quam
1528 1310 1648 1352 Deus
1670 1317 1713 1352 et
1728 1325 1825 1366 pro-

230 1383 450 1425 missiones
480 1383 566 1425 Dei
595 1384 639 1424 in
674 1383 846 1426 Christo
877 1399 953 1439 pro
984 1384 1151 1438 objecto
1178 1384 1278 1426 fidei
1299 1384 1598 1439 intelligamus,
1621 1384 1674 1425 ad
1695 1399 1823 1439 quem

228 1456 260 1499 J
266 1473 383 1499 esum
407 1457 625 1500 Christum
649 1457 769 1499 nobis
791 1457 834 1498 in
856 1457 1035 1500 salutem
1058 1458 1246 1500 omnium
1267 1458 1664 1500 communicandum
1680 1465 1823 1500 cetera

229 1532 371 1574 omnia
390 1532 644 1573 referuntur.
705 1531 777 1575 Sic
797 1538 946 1588 postea
965 1532 1046 1574 hoc
1068 1533 1216 1574 eodem
1237 1532 1376 1587 capite
1403 1532 1532 1574 fidem
1556 1532 1590 1574 J
1593 1548 1668 1574 esu
1697 1547 1822 1575 voca-

230 1606 295 1648 bit
315 1606 443 1648 fidem
457 1605 791 1660 justificantem:
824 1621 952 1661 quam
972 1621 1074 1648 vero
1094 1606 1180 1648 late
1200 1613 1346 1662 pateat
1366 1606 1471 1648 haec
1486 1606 1657 1661 justitia
1675 1606 1821 1649 Evan-

227 1680 377 1737 gelica,
399 1680 556 1722 docent
576 1680 707 1722 verba
737 1682 763 1704 “
778 1679 831 1721 In
853 1696 998 1722 omnes
1030 1687 1073 1722 et
1104 1695 1230 1736 super
1251 1695 1396 1723 omnes
1421 1680 1511 1723 sine
1541 1681 1629 1722 ullo
1648 1695 1822 1737 person-

228 1770 347 1796 arum
369 1760 444 1796 aut
466 1753 675 1798 Gentium
697 1754 976 1808 discrimine,”
998 1754 1145 1796 addita
1164 1761 1308 1796 tamen
1328 1755 1429 1797 fidei
1449 1755 1718 1798 conditione:
1738 1754 1820 1798 hoo

229 1828 342 1871 enim
372 1835 437 1871 est
467 1829 582 1884 quod
604 1829 697 1883 vult
716 1828 941 1885 participio
966 1820 1064 1875 τούς
1087 1821 1372 1881 πιστὲυοντας,
1394 1830 1608 1886 praesenti
1628 1837 1821 1886 tempore

226 1903 510 1945 constantiam
533 1903 647 1956 fidei,
679 1909 723 1945 et
753 1902 797 1944 in
827 1903 912 1945 fide
944 1904 999 1945 ad
1029 1910 1267 1946 extremum
1296 1919 1431 1959 usque
1460 1903 1819 1960 perseverantiam

226 1977 432 2019 innuens:
465 1976 600 2032 Cujus
629 1976 729 2019 fidei
750 1977 877 2019 etiam
911 1977 968 2018 inv
988 1977 1134 2020 electis
1165 1978 1405 2034 gignendae
1436 1977 1722 2035 Evangelium
1753 1985 1820 2021 est

226 2050 375 2093 efficax
395 2050 739 2104 instrumentum,
761 2057 810 2093 ut
832 2051 995 2094 dictum
1025 2058 1091 2094 est
1115 2067 1255 2107 supra.
1313 2051 1543 2094 Rationem
1563 2051 1721 2106 subdit,
1742 2067 1820 2094 cur

225 2124 331 2167 haec
360 2124 446 2167 Dei
476 2131 520 2167 et
549 2124 649 2167 fidei
673 2124 845 2179 justitia
874 2125 930 2167 sit
959 2125 993 2168 J
995 2126 1226 2168 uda-eorum
1257 2132 1301 2168 et
1332 2125 1540 2169 Gentium
1567 2125 1815 2180 communis,

226 2199 343 2254 quod
376 2199 576 2241 nimirum
611 2199 736 2241 ambo
771 2215 906 2254 aeque
940 2206 1185 2256 peccatores
1217 2215 1294 2256 per
1327 2207 1524 2242 naturam
1558 2215 1692 2255 aeque
1727 2199 1816 2242 sint

225 2272 369 2316 miseri
381 2289 393 2324 3
425 2272 590 2317 Omnes
611 2273 724 2316 enim
736 2272 935 2316 homines
956 2273 1205 2316 aberrarunt
1225 2273 1459 2328 injustitiae
1486 2273 1598 2315 viam
1621 2273 1814 2330 ingressi,

226 2353 271 2390 et
292 2347 450 2390 defecti
468 2346 630 2390 viribus
649 2363 727 2404 per
745 2354 942 2390 naturam
961 2363 987 2389 a
1007 2354 1129 2404 tergo
1149 2347 1459 2403 relinquuntur,
1480 2363 1559 2390 nec
1579 2349 1636 2390 ad
1654 2356 1814 2391 metam

226 2421 409 2476 divinae,
430 2421 589 2478 gloriae
610 2428 774 2478 queunt
793 2422 1062 2479 pertingere:
1091 2437 1171 2464 nec
1190 2421 1356 2475 mirum,
1378 2436 1475 2464 cum
1496 2437 1621 2465 verae
1640 2422 1814 2466 virtutis

226 2501 271 2539 et
291 2495 523 2551 sapientiae
542 2495 670 2550 viam,
691 2511 800 2552 quae
830 2495 919 2538 sola
938 2496 993 2537 ad
1019 2495 1330 2537 beatitudinem
1350 2495 1482 2550 ducit,
1503 2495 1576 2538 vix
1596 2511 1645 2539 ac
1665 2511 1720 2539 ne
1738 2495 1815 2539 vix

224 2569 399 2626 quidem
418 2569 598 2625 ingressi
617 2570 662 2611 in
682 2570 779 2612 avia
799 2576 843 2612 et
862 2569 1111 2626 praecipitia
1130 2583 1255 2612 caeco
1275 2569 1439 2625 impetu
1467 2570 1683 2613 ferantur:
1712 2570 1814 2614 Duo

223 2643 357 2700 igitur
375 2642 667 2687 interveniunt
686 2643 992 2699 impedimenta
1019 2649 1197 2685 naturae
1221 2643 1428 2686 caecitate
1458 2650 1502 2686 et
1522 2643 1812 2700 corruptione,

224 2717 420 2761 omnibus
454 2716 696 2759 hominibus
731 2717 982 2770 communia,
1013 2716 1243 2759 Aberratio
1273 2733 1298 2760 a
1329 2725 1447 2761 recta
1475 2718 1557 2772 via,
1589 2725 1634 2761 et
1655 2718 1813 2761 virium

222 2791 415 2836 defectus
435 2797 480 2834 et
499 2790 779 2844 imbecillitas,
800 2805 855 2833 ne
873 2797 1033 2833 metam
1053 2791 1248 2834 coelestis
1267 2791 1383 2834 vitae
1403 2798 1448 2834 et
1467 2791 1626 2849 gloriae
1646 2791 1813 2835 contin-

219 2880 383 2922 gamus.
415 2925 426 2929 χ
443 2864 554 2909 Cum
574 2864 680 2908 haec
700 2864 1005 2921 impedimenta
1031 2864 1227 2907 omnibus
1257 2881 1283 2907 a
1311 2873 1466 2908 natura
1485 2866 1644 2922 pariter
1663 2865 1810 2922 objici-
