1887 3188
201 217 287 259 436
864 228 1246 270 COMMENTARIUS,

207 354 349 390 autem
372 347 612 390 declaratur
625 347 820 403 justitiae
850 347 958 402 finis,
980 355 1029 390 ut
1059 363 1145 391 11011
1178 348 1312 390 00111111
1345 353 1525 400 00110101,
1555 353 1598 389 01
1631 346 1795 402 liquido

204 429 406 477 appareat
428 422 622 464 omnibus
643 422 786 464 Deum
809 438 898 464 esse
916 423 1093 477 justum,
1114 429 1164 464 ut
1185 423 1270 478 qui,
1293 422 1337 463 in
1358 429 1494 463 morte
1513 421 1589 463 filii
1610 421 1792 464 acerbis-

203 496 309 539 sima
329 503 372 538 et
393 496 804 552 ignominiosissima,
827 513 989 538 summo
1005 497 1115 551 jure,
1136 497 1252 538 ultus
1274 497 1328 538 sit
1350 512 1518 538 omnem
1540 502 1583 538 et
1611 495 1790 538 Patrum

204 571 405 625 omnium,
428 578 472 613 et
492 578 697 624 nostrum,
720 578 763 612 et
795 578 1060 626 posterorum
1086 571 1387 612 servandorum
1417 570 1683 625 injustitiam,
1715 570 1790 612 sed

203 645 333 687 etiam
353 645 485 701 gratis
507 645 551 685 in
574 644 746 687 Christo
769 651 943 699 propter
964 645 1053 698 ejus
1074 644 1273 686 meritum
1297 644 1505 698 justificet
1527 660 1684 698 omnes,
1716 644 1790 699 qui

200 719 285 762 fide
306 719 590 761 obedientiam
621 717 782 760 Christi
803 718 845 758 in
863 718 1075 772 justitiam
1097 718 1434 773 apprehendunt.
1493 718 1648 773 Itaque
1663 718 1792 773 justi-

201 793 263 836 tia
284 792 491 845 salutaris,
515 807 598 847 qua
618 807 694 834 nos
716 807 856 834 eoram
878 792 974 833 Deo
990 792 1285 846 justificamur,
1307 807 1392 833 non
1415 798 1479 833 est
1499 792 1696 845 humana,
1714 792 1789 834 sed

201 867 358 921 divina,
389 882 475 909 non
505 866 665 923 legalis,
698 866 773 908 sed
802 866 1077 922 Evangelioa,
1100 881 1179 908 neo
1200 866 1379 921 amplius
1400 865 1560 908 umbris
1580 866 1789 923 legalibus

199 942 383 995 obtecta,
407 942 597 984 00(1011111
620 941 715 982 Deo
748 940 792 981 in
825 956 950 982 earne
983 941 1196 995 patefacto
1228 948 1271 982 et
1301 941 1392 996 ipsa
1421 940 1648 996 patefacta,
1671 947 1714 983 et
1743 941 1790 983 in

198 1017 310 1059 bono
332 1015 558 1072 Evangelii
579 1015 738 1056 lumine
769 1015 985 1067 collocata,
1016 1030 1096 1057 1100
1126 1030 1239 1057 1111110
1270 1015 1452 1070 primum
1473 1023 1574 1057 nata
1594 1022 1669 1058 aut·
1690 1031 1790 1073 cog-

197 1091 301 1145 nita,
324 1091 396 1133 sed
414 1091 503 1145 jam
526 1090 624 1131 olim
646 1105 670 1131 a
689 1089 784 1145 lege
806 1096 848 1131 et
869 1089 1097 1144 Prophetis
1113 1089 1397 1145 praefigurata
1413 1096 1456 1131 et
1476 1090 1788 1145 praenuntiata,

197 1173 328 1221 atque
360 1166 466 1207 adeo
498 1164 730 1206 etiamnum
761 1163 920 1205 habens
942 1163 1133 1205 divinum
1171 1170 1214 1205 et
1246 1163 1534 1206 indubitatum
1566 1180 1591 1206 a
1619 1165 1714 1221 lege
1745 1171 1790 1208 et

197 1239 416 1296 prophetis
433 1239 737 1291 testimonium,
754 1245 804 1280 ut
819 1237 961 1291 habet,
979 1254 1020 1280 v.
1038 1240 1107 1279 21.
1157 1237 1252 1280 Νο0
1273 1237 1358 1280 Dei
1379 1238 1512 1279 solum
1524 1239 1693 1293 justitia
1710 1246 1788 1293 est,

198 1316 274 1358 sed
295 1315 423 1357 etiam
443 1329 519 1370 per
538 1313 667 1355 fidem
690 1311 851 1355 Christi
865 1312 1035 1366 justitia
1057 1319 1134 1365 est,
1156 1312 1336 1367 ideoque
1358 1319 1401 1354 et
1430 1312 1529 1354 fidei
1551 1319 1595 1355 et
1627 1312 1790 1356 Christi

191 1389 363 1445 justitia
384 1395 426 1430 et
449 1394 514 1430 est
536 1394 578 1429 et
600 1387 769 1429 dieitur.
828 1386 1027 1441 Denique
1050 1393 1114 1428 est
1135 1386 1324 1428 omnium
1343 1387 1532 1428 fidelium
1553 1388 1788 1430 eommunis

199 1455 435 1509 δικαιοσύνη
456 1457 544 1501 θεοῦ
567 1455 612 1500 ἐκ
637 1452 826 1508 πίστεως,
850 1461 929 1503 1100
952 1467 1028 1513 001,
1051 1461 1166 1515 quod
1186 1460 1246 1502 ait
1273 1460 1507 1516 Apostolus
1526 1478 1536 1503 z
1566 1462 1619 1503 In
1641 1478 1788 1504 omnes

196 1545 240 1581 et
257 1553 383 1593 super
403 1552 548 1579 omnes
570 1536 804 1589 eredentes,
827 1535 927 1590 quia
943 1535 997 1576 ad
1014 1550 1158 1576 omnes
1174 1534 1394 1591 pertingit,
1412 1543 1455 1578 et
1472 1551 1522 1578 ea
1536 1536 1677 1579 induti
1693 1553 1786 1580 ves-

194 1611 363 1655 tiuntur
383 1626 542 1660 omnes,
563 1625 617 1652 ne
639 1624 785 1651 eorum
805 1609 1005 1664 pudenda
1025 1615 1226 1664 appareat
1246 1609 1443 1651 nuditas:
1477 1610 1547 1653 Sic
1569 1611 1680 1653 enim
1702 1612 1787 1654 dis-

194 1687 358 1743 tinguo,
382 1679 436 1731 εἶς
467 1678 634 1731 πάντας
666 1675 744 1722 καὶ
768 1675 837 1723 ἐπὶ
859 1677 1041 1729 πάντας.
1101 1683 1174 1724 An
1206 1677 1259 1729 εἰς
1282 1677 1450 1730 πάντας
1480 1686 1532 1728 de
1562 1685 1786 1742 imputata,

195 1754 265 1803 ἐπὶ
287 1755 455 1807 πάντας
485 1761 538 1802 de
570 1760 818 1802 inhaerente
850 1759 1039 1801 dicitur?
1104 1759 1328 1814 Expende,
1368 1766 1419 1801 ut
1453 1760 1586 1802 altera
1625 1760 1786 1817 expiati

191 1837 520 1881 reconcilientur
539 1834 648 1888 Deo,
671 1834 804 1876 altera
824 1833 966 1875 induti
987 1840 1115 1889 atque
1137 1833 1276 1875 ornati
1296 1833 1530 1876 conformes
1551 1835 1786 1877 reddantur

190 1912 302 1955 Deo.
363 1908 695 1954 Communitatis
716 1908 824 1950 ratio
847 1907 1017 1963 dupleX,
1040 1923 1173 1962 eaque
1195 1908 1429 1950 communis
1450 1909 1644 1951 omnibus
1665 1909 1786 1952 aber-

189 1987 300 2029 ratio
321 1992 365 2028 et
385 1983 622 2036 infirmitas,
645 1982 921 2024 translatione
943 1995 969 2023 a·
987 1981 1098 2023 ludis
1122 1981 1394 2024 Circensibus
1414 1982 1652 2026 illustrata:
1682 1983 1783 2028 hinc

191 2061 306 2106 enim
320 2066 513 2116 sumptae
527 2073 651 2101 voees
666 2049 917 2112 ἁμαξτάνεόν
933 2065 976 2101 01
993 2047 1268 2112 ὖστεξᾶσῧαι,
1283 2057 1395 2112 quod
1409 2057 1620 2112 posterius
1633 2064 1698 2100 est
1711 2058 1786 2101 de·-

188 2137 306 2180 feotu
345 2133 500 2178 virium
541 2138 585 2175 et
624 2130 931 2187 defatigatione
971 2145 996 2171 a
1030 2137 1153 2186 tergo
1182 2130 1228 2171 in
1258 2146 1383 2173 cursu
1417 2130 1612 2192 relinqui,
1653 2138 1698 2174 et
1727 2131 1783 2174 ad

188 2217 349 2254 metam
367 2224 453 2251 non
474 2205 708 2263 pervenire,
725 2205 883 2246 nedum
899 2204 953 2245 ad
973 2204 1207 2260 praemium
1229 2211 1272 2247 et
1293 2220 1504 2258 eoronam,
1519 2220 1562 2248 v.
1578 2207 1648 2248 23.
1697 2205 1782 2250 Est

187 2285 322 2342 igitur
335 2281 507 2339 justitia
525 2279 611 2322 Dei
641 2295 695 2322 ex
724 2279 810 2320 fide
832 2277 995 2321 Christi
1015 2279 1250 2321 communis
1271 2278 1305 2321 J
1305 2279 1453 2321 udaeis
1483 2285 1527 2321 et
1550 2278 1779 2335 Gentibus,

189 2359 310 2414 cujus
331 2371 482 2400 causae
503 2369 649 2398 omnes
669 2353 714 2409 in
729 2352 826 2395 Deo
841 2352 972 2395 Patre
994 2359 1038 2395 et
1053 2352 1165 2395 Filio
1181 2359 1226 2395 et
1247 2352 1432 2408 Spiritus
1455 2351 1638 2396 Sanetus
1653 2369 1784 2410 quae-

184 2433 342 2475 rendae
373 2437 417 2472 et
447 2428 742 2480 inveniendae,
769 2433 820 2469 ut
850 2427 988 2480 docet,
1009 2442 1052 2469 v.
1077 2427 1134 2468 24
1162 2432 1208 2469 01
1237 2428 1307 2480 25,
1339 2426 1558 2470 enucleate
1589 2429 1778 2485 exponit.

191 2501 492 2560 Δικαιοῦμενοι
515 2502 606 2544 sub.
629 2492 747 2556 ἐσμὲν
772 2501 842 2544 vel
871 2492 962 2549 εἶσὶ,
984 2500 1160 2556 Ellipsis
1181 2500 1301 2543 verbi
1331 2500 1601 2556 substantivi,
1622 2508 1672 2545 ut
1701 2502 1778 2559 qui

180 2578 485 2636 justificentur.
520 2567 703 2631 Δωξεοὶν,
719 2576 830 2618 dono
842 2575 943 2618 fidei
955 2590 1032 2632 per
1045 2574 1253 2631 Spiritum
1268 2574 1474 2619 Sanctum
1488 2563 1776 2634 ingeneratae,

182 2667 267 2709 qua
280 2649 494 2707 justitiam
514 2649 624 2691 hane
641 2650 752 2691 dono
771 2649 877 2691 item
897 2649 1094 2692 collatam
1115 2649 1485 2705 apprehendimus.
1549 2645 1621 2707 Τῇ
1642 2644 1780 2691 αὐτοῦ

183 2719 343 2782 χάξιτι,
376 2723 508 2781 ipsius
536 2722 622 2765 Dei
651 2721 793 2765 Patris
823 2723 975 2779 gratia,
997 2714 1120 2762 κατὰ
1143 2716 1215 2771 τὴν
1239 2717 1426 2765 εὐδοκίαν
1447 2722 1524 2766 τοῦ
1548 2719 1780 2782 θελῆματος

181 2792 328 2852 ἁυτοῢ,
350 2804 394 2842 01
411 2796 630 2841 Christum
648 2804 692 2839 et
709 2796 916 2852 Spiritum
935 2804 979 2839 et
993 2798 1121 2840 fidem
1138 2798 1182 2840 in
1198 2799 1371 2842 Christo
1386 2815 1464 2856 per
1478 2800 1685 2857 Spiritum
1699 2791 1776 2843 110·ss

177 2869 250 2916 bis
263 2871 535 2930 impertiensg
565 2870 728 2935 Nostra
747 2877 890 2914 autem
906 2871 1078 2927 justitia
1099 2879 1164 2916 est
1193 2874 1434 2930 redemptio
1454 2889 1531 2931 per
1552 2873 1776 2918 Christum

995 3030 1032 3052 θ’

1846 3022 1887 3188 ἰῆς-111.
1883 2991 1887 3006 .,
