1887 3188
217 245 269 297 47
276 245 299 284 2
821 259 1202 301 COMMENTARIUS,

217 375 373 417 tionis:
408 375 628 432 Siquidem
652 386 846 434 oporteat
866 395 942 422 nos
975 381 1065 436 pati
1096 395 1194 423 cum
1227 379 1400 423 Christo
1421 386 1466 422 et
1486 380 1805 436 perpessionum

217 464 315 491 cum
329 450 501 494 Christo
514 452 740 509 participes
755 469 845 496 esse
860 471 870 496 :
892 454 1022 497 Unde
1037 462 1079 497 et
1092 455 1327 497 necessario
1341 454 1544 509 sequitur,
1559 469 1635 496 nos
1647 454 1806 510 gloriae

219 523 381 567 Christi
402 526 491 568 fore
512 527 752 583 participes.
815 528 934 581 Quos
957 529 1069 571 enim
1093 529 1295 585 dignatur
1328 528 1524 571 Christus
1545 528 1625 571 hoc
1645 528 1805 571 honore

216 605 267 641 ut
287 615 363 655 pro
383 600 515 656 ipsius
535 601 704 644 nomine
725 602 955 658 patiantur,
978 603 1147 644 eosdem
1165 610 1229 644 est
1245 610 1588 645 remuneraturus
1604 602 1805 645 fruitione

216 673 376 729 gloriae
402 690 501 717 suae
515 691 525 725 3
559 691 645 717 non
670 677 785 730 quod
812 676 1104 731 perpessiones
1129 683 1310 729 nostrae,
1333 677 1403 718 vel
1426 677 1634 732 patientia
1660 683 1806 719 nostra

215 754 385 789 tantum
400 740 633 803 praemium
650 757 981 804 promereantur,
999 765 1147 791 verum
1163 749 1262 804 quia
1277 749 1339 790 ita
1354 749 1434 790 sibi
1450 749 1587 791 visum
1603 757 1681 803 est,
1697 757 1747 792 ut
1761 757 1806 792 et

217 820 339 863 Patri
368 822 553 875 coelesti,
578 838 630 864 ex
650 823 839 878 gratuito
859 823 1064 878 promisso
1086 825 1186 865 dare
1208 830 1252 865 et
1271 823 1399 865 fidem
1421 830 1464 865 et
1483 823 1734 879 patientiam
1760 830 1805 866 et

216 896 395 951 gloriam
422 903 651 938 aeternam.
711 897 891 939 Interim
913 904 956 939 et
981 913 1184 953 magnum
1217 904 1281 939 est
1313 898 1393 940 hoc
1427 898 1624 940 solatium
1655 898 1700 939 in
1731 899 1806 940 ad-

216 969 362 1022 versis,
386 969 607 1012 Christum
636 971 792 1013 habere
812 978 1052 1014 nostrarum
1080 987 1374 1014 aerumnarum
1407 972 1580 1025 socium,
1614 978 1658 1014 et
1688 972 1805 1027 quic-

216 1043 319 1098 quid
340 1059 417 1086 nos
439 1045 529 1099 ejus
549 1045 719 1087 nomine
741 1046 937 1102 patimur,
960 1046 1005 1087 id
1026 1046 1144 1088 ducit
1165 1062 1288 1088 omne
1310 1062 1445 1099 suum,
1470 1062 1557 1088 non
1577 1062 1697 1089 secus
1717 1046 1805 1089 acsi

216 1117 307 1173 ipse
327 1125 570 1174 pateretur3
602 1119 687 1161 imo
708 1135 809 1162 vero
830 1120 951 1162 nobis
973 1121 1141 1175 quidvis
1167 1121 1332 1163 adversi
1352 1121 1626 1176 patientibus,
1649 1127 1693 1164 et
1711 1121 1804 1177 ipse

215 1207 384 1247 quoque
414 1193 604 1248 patitur:
638 1201 681 1235 et
702 1194 806 1249 quid
830 1195 875 1236 in
896 1195 1084 1237 dolorem
1115 1195 1272 1237 sentiat
1302 1202 1443 1251 caput,
1465 1195 1802 1250 quotiescunque

213 1267 450 1308 membrum
472 1268 643 1323 aliquod
664 1269 808 1310 dolore
840 1269 1033 1311 afficitur.
1093 1269 1256 1311 Verum
1288 1270 1620 1325 progrediamur.
1679 1269 1804 1312 Alte-

212 1356 307 1382 rum
328 1348 626 1397 argumentum
648 1350 691 1385 et
712 1344 848 1385 crucis
873 1344 1181 1399 aequanimiter
1211 1344 1423 1398 ferendae,
1457 1351 1500 1386 et
1532 1344 1801 1387 certitudinis

212 1415 371 1471 gloriae
405 1416 587 1469 futurae,
620 1432 696 1472 per
727 1418 1045 1460 contentionem
1077 1418 1373 1474 temporalium
1405 1419 1723 1474 perpessionum
1756 1424 1801 1461 et

212 1490 371 1546 gloriae
392 1490 686 1546 sempiternae,
709 1492 823 1546 quod
842 1507 943 1547 prae
964 1492 1043 1534 hac
1064 1492 1159 1533 illae
1194 1493 1280 1534 sint
1313 1499 1357 1534 et
1388 1492 1503 1534 leves
1537 1500 1580 1534 et
1612 1507 1801 1535 momen-

211 1572 376 1617 taneae,
398 1571 447 1606 ut
468 1565 522 1606 ad
543 1567 582 1606 2.
606 1565 704 1607 Cor.
725 1565 783 1607 iv.
804 1581 910 1621 cap.,
934 1569 985 1609 17
1009 1583 1109 1620 ver„
1140 1557 1189 1605 τὸ
1224 1558 1308 1622 γοὶξ
1342 1558 1592 1622 παραυτίκα
1626 1556 1798 1621 ἐλαφρὸν

212 1634 285 1684 τῆς
309 1629 491 1690 θλίψεως
514 1632 623 1694 ἡμῶν
642 1635 739 1678 καθ’
765 1631 991 1696 ὑπερβολὴν
1015 1634 1068 1685 εἰς
1094 1632 1321 1696 ὑπερβολὴν
1346 1633 1497 1678 ἀιώνιον
1521 1633 1650 1696 βάρος
1685 1631 1799 1687 δόξης

210 1696 526 1760 κατεργάζεται
550 1699 655 1761 ἡμῖν.
710 1705 901 1747 Notetur
926 1706 1100 1747 verbum
1121 1697 1354 1760 λογίζομαι
1375 1706 1455 1748 hoc
1474 1706 1580 1759 loco,
1603 1713 1651 1747 ut
1671 1721 1800 1761 supra

209 1777 266 1819 vi.
288 1793 393 1834 cap„
417 1781 469 1820 11
491 1794 579 1822 ver.
633 1779 696 1822 Et
716 1779 821 1821 illud
854 1772 954 1827 ἀξια
987 1795 1131 1836 parem
1164 1780 1503 1822 aestimationem
1535 1787 1579 1822 et
1610 1779 1797 1822 valorem

208 1851 400 1894 indicans
420 1852 465 1894 in
486 1854 800 1910 comparatione
829 1854 1063 1910 praesentis
1095 1855 1338 1897 acerbitatis
1367 1861 1441 1896 aut
1460 1854 1729 1910 ignominiae,
1751 1861 1797 1897 et

207 1926 375 1969 futurae
395 1927 554 1983 gloriae
575 1934 704 1983 atque
723 1928 925 1971 laetitiae.
984 1928 1146 1971 Probat
1177 1936 1321 1971 autem
1348 1928 1471 1971 istius
1491 1929 1659 1971 futurae
1679 1917 1808 1972 vitae'

209 2016 258 2044 ac
284 2001 444 2057 gloriae
476 1991 776 2045 certitudinem
797 2019 822 2044 a
842 1990 1056 2046 communi
1088 2003 1345 2057 testimonio,
1368 2010 1412 2046 et
1431 2003 1635 2046 intestino
1667 2017 1795 2045 sensu

208 2090 350 2118 rerum
382 2083 632 2131 creatarum,
665 2077 740 2132 qui
771 2077 881 2120 hanc
913 2078 1049 2133 ipsam
1081 2077 1260 2120 sollicite
1293 2084 1536 2133 expectant.
1608 2076 1793 2121 Causam

206 2149 334 2204 hujus
354 2150 545 2193 intentae
566 2151 874 2206 expectationis
895 2152 1083 2208 assignat
1108 2159 1375 2207 praesentem
1397 2159 1556 2194 statum
1577 2151 1656 2194 sub
1676 2151 1794 2194 vani-

206 2230 311 2278 tate,
344 2225 414 2267 oui
434 2224 649 2280 subjectae
681 2232 794 2279 sunt,
828 2226 904 2267 sed
934 2241 1021 2268 non
1053 2226 1143 2268 sine
1176 2241 1250 2281 spe
1281 2226 1570 2272 liberationis:
1598 2232 1648 2268 ut
1679 2225 1793 2267 enim

206 2305 381 2355 propter
399 2299 613 2342 hominem
634 2299 831 2342 conditae
852 2299 1036 2353 fuerunt,
1059 2306 1103 2342 et
1122 2307 1296 2356 propter
1310 2299 1492 2342 hominis
1507 2305 1731 2354 peccatum
1745 2299 1792 2340 in

206 2373 378 2416 homine
397 2374 515 2430 lapso
537 2381 581 2416 et
600 2374 697 2416 illae
718 2375 772 2416 de
793 2381 910 2416 statu
930 2390 1006 2417 suo
1030 2374 1199 2431 integro
1226 2374 1434 2429 collapsae
1455 2380 1554 2415 sunt
1571 2389 1581 2414 :
1612 2373 1675 2415 ita
1693 2388 1793 2416 cum

206 2446 378 2490 homine
404 2448 670 2490 restituendo
691 2455 736 2490 et
759 2448 856 2490 illae
880 2448 1162 2491 restituentur
1187 2448 1232 2489 in
1258 2448 1486 2503 integrum,
1515 2462 1600 2502 quo
1627 2453 1806 2507 spectat>

206 2521 427 2577 promissio
459 2522 566 2564 coeli
596 2522 710 2576 novi,
743 2529 788 2564 et
818 2529 957 2564 terrae
988 2537 1124 2565 novae
1159 2522 1273 2578 apud
1305 2521 1548 2576 prophetas.
1621 2521 1793 2565 Tribuit

206 2601 351 2637 autem
370 2595 439 2637 vel
469 2594 596 2637 rebus
628 2610 755 2638 sensu
786 2602 831 2638 et
859 2595 1000 2638 anima
1025 2595 1265 2638 carentibus
1292 2587 1650 2651 ἀποκαξαδοκῖαν,
1670 2595 1803 2653 quasi·

207 2675 355 2712 exerto
374 2668 514 2724 capite
535 2669 756 2711 sollicitam
777 2676 906 2724 atque
937 2669 1148 2712 intentam
1179 2670 1532 2725 expectationem,
1564 2670 1669 2713 item
1701 2685 1793 2714 sus-

205 2742 314 2799 piria
333 2748 378 2786 et
397 2742 575 2796 dolores,
608 2743 753 2797 quales
785 2743 924 2786 solent
955 2759 1046 2786 esse
1077 2743 1365 2799 parturientis,
1398 2759 1504 2800 quos
1534 2744 1672 2787 laetus
1691 2759 1792 2788 oon-

205 2816 398 2872 sequitur
421 2815 575 2859 exitus.
647 2815 682 2858 J
683 2831 810 2858 erem.
841 2816 916 2858 xii.
948 2832 1054 2873 cap„
1075 2818 1103 2858 4
1122 2832 1211 2859 ver.
1288 2817 1411 2871 Quae
1442 2818 1585 2861 omnia
1614 2817 1803 2875 mirifice?

205 2905 403 2947 expressa
421 2891 626 2947 pudorem
645 2889 768 2933 nobis
787 2890 1011 2945 incutiant,
1045 2891 1118 2947 qui
1137 2891 1182 2933 in
1203 2898 1360 2936 terram
1391 2892 1521 2935 defixi
1550 2892 1804 2949 praesentia„
