1887 3188
801 216 902 246 0111).
926 219 955 246 1.
981 208 1095 248 7-16.
1648 211 1729 251 411

138 338 411 396 impertiendi
447 336 547 380 doni
583 335 827 392 spiritualis,
865 343 909 377 et
942 338 1074 379 vestri
1104 340 1382 382 confirmandi
1422 356 1549 384 causa
1565 359 1575 392 3
1617 343 1732 398 quod

137 414 284 458 statim
298 419 445 456 saneta
456 410 684 468 prudentia
697 424 746 452 ac
760 409 968 452 modestia
980 418 1205 468 temperat,
1221 429 1269 456 ac
1283 415 1403 470 quasi
1417 416 1590 472 corrigit
1605 417 1735 471 subji-

136 489 289 532 ciendo
313 493 506 529 mutuam
527 485 617 527 sive
638 483 984 538 consolationem,
1013 486 1103 529 sive
1130 488 1468 532 cohortationem
1498 491 1735 546 percipien-

136 564 263 613 dam3
295 569 345 604 ut
366 577 410 603 se
431 576 517 603 non
547 559 687 601 minus
717 565 914 614 paratum
936 560 990 601 ad
1011 561 1259 604 discendum
1283 570 1326 605 et
1347 564 1641 619 accipiendum
1671 565 1735 606 in-

135 643 254 690 nuat,
286 651 414 692 quam
435 636 490 677 ad
512 634 765 677 tradendum
787 640 831 675 et
852 633 1105 678 docendum.
1165 637 1366 693 Denique
1388 639 1572 681 occurrit
1594 639 1734 694 objec-

137 711 246 755 tioni
261 710 379 754 :—Si
399 711 480 753 11οο
513 717 634 752 tuum
657 715 723 750 est
744 707 934 749 studium
955 724 1003 752 ae
1025 717 1195 754 tantum
1217 713 1476 756 desiderium
1506 714 1641 756 nostri
1671 714 1735 755 in-

135 786 315 841 visendi,
333 801 408 829 cur
423 792 513 828 tam
528 785 603 826 diu
619 782 824 825 distulisti
839 783 1106 828 adventum?
1136 787 1386 843 Respondet
1404 804 1448 831 se
1464 789 1733 845 proposuisse

136 862 311 918 quidem
333 863 447 918 apud
468 876 512 903 se
534 859 714 915 saepius,
741 856 815 899 sed
836 856 1091 914 impeditum
1111 862 1239 905 fuisse
1261 869 1391 918 atque
1412 864 1518 906 adeo
1550 863 1734 906 vetitum

138 934 210 988 (ut
239 934 381 978 innuit
411 932 587 976 verbum
610 923 824 986 ἐκωλύθην,
862 947 1034 976 causam
1068 936 1365 992 impedimenti
1395 937 1493 979 vide
1524 953 1594 980 xv.
1627 938 1731 993 22.,)

138 1009 268 1065 idque
289 1010 404 1052 haud
425 1010 553 1054 dubie
575 1012 794 1066 divinitus,
826 1013 900 1054 ubi
924 1012 1053 1054 finem
1073 1027 1217 1053 rursus
1239 1011 1417 1053 assumit
1446 1012 1538 1067 pari
1568 1012 1735 1054 modes-

138 1084 232 1137 stia,
264 1092 314 1127 ut
344 1084 529 1127 fructum
552 1085 734 1141 aliquem
761 1087 917 1129 habeat
935 1093 1055 1128 :—-—ut
1085 1086 1350 1128 fructuosum
1382 1086 1437 1128 sit
1469 1087 1559 1141 ejus
1589 1086 1735 1129 minis-

134 1159 290 1201 terium
328 1160 544 1215 Romanis,
582 1161 697 1217 quod
727 1161 771 1204 in
801 1162 967 1218 accepti
1002 1161 1211 1214 beneficii,
1248 1176 1296 1203 ae
1333 1161 1610 1203 emolumenti
1638 1161 1732 1204 loco

135 1233 269 1276 ducit.

194 1308 418 1352 Postremo
444 1325 488 1353 se
513 1311 556 1352 in
587 1326 683 1354 aere
715 1312 836 1367 quasi
866 1311 1017 1364 alieno,
1049 1317 1093 1353 et
1123 1311 1361 1354 debitorem
1391 1311 1596 1354 Romanis
1628 1327 1732 1366 esse,

133 1384 252 1439 quod
272 1385 456 1428 illustrat
479 1386 644 1441 parium
675 1393 751 1428 aut
781 1385 982 1428 similium
1014 1392 1279 1442 argumento,
1313 1392 1356 1428 et
1377 1401 1402 1428 a
1421 1401 1578 1442 genere
1609 1402 1734 1443 argu-

136 1465 365 1513 mentatur,
384 1459 597 1503 Omnibus
614 1460 905 1516 cujuscunque
921 1460 1077 1517 gentis,
1095 1467 1170 1503 aut
1187 1459 1359 1514 ordinis,
1380 1467 1456 1503 aut
1477 1461 1734 1504 conditionis

133 1548 228 1576 sum
244 1533 424 1588 debitor,
448 1549 549 1591 ergo
571 1541 614 1578 et
636 1535 853 1578 Romanis.
914 1535 980 1577 Ut
1001 1535 1161 1591 profuit
1182 1535 1274 1578 aliis
1295 1535 1576 1591 Apostolatus
1597 1551 1731 1590 meus,

132 1608 195 1650 ita
210 1609 338 1651 velim
360 1616 404 1652 et
424 1617 597 1665 paratus
614 1625 706 1651 sum
727 1616 777 1652 ut
798 1610 932 1666 prosit
948 1609 1179 1659 Romanis3
1201 1610 1318 1666 quod
1336 1609 1490 1666 probat
1507 1609 1732 1654 affectione

131 1683 264 1725 animi
294 1684 372 1737 sui,
404 1690 448 1726 et
478 1683 774 1727 aestimatione
803 1683 1044 1740 Evangelii,
1076 1684 1198 1739 cujus
1228 1690 1397 1726 tantum
1419 1684 1541 1727 abest
1561 1691 1611 1727 ut
1632 1700 1731 1728 eum

133 1759 307 1814 pudeat,
323 1765 374 1801 ut
389 1758 486 1801 Deo
500 1758 708 1815 glorietur
723 1758 919 1812 maxime,
936 1766 986 1801 ut
1001 1759 1037 1801 is
1054 1758 1120 1813 cuj
1128 1774 1174 1801 us
1190 1758 1309 1801 labor
1323 1759 1368 1800 in
1384 1759 1623 1816 Evangelio
1643 1775 1731 1803 non

133 1832 263 1875 fuerit
282 1832 427 1876 irritus
448 1833 492 1874 in
514 1833 698 1887 domino,
720 1840 770 1876 ut
790 1848 927 1889 nuper
946 1833 1165 1887 innuebat,
1188 1840 1232 1876 et
1252 1833 1352 1876 alibi
1377 1833 1560 1876 totidem
1590 1835 1730 1878 verbis

130 1907 292 1961 scribit,
316 1907 413 1950 vide
433 1908 542 1950 infra
562 1924 646 1962 xv„
671 1910 737 1961 17,
762 1910 829 1960 18,
855 1910 921 1962 19,
943 1910 1011 1951 20.
1062 1907 1145 1950 Est
1167 1908 1279 1950 enim
1295 1908 1340 1949 in
1355 1907 1421 1950 his
1438 1909 1578 1951 verbis
1602 1912 1627 1934 “
1642 1925 1729 1953 non

133 1998 202 2026 me
236 1983 408 2039 pudet,”
443 1983 589 2026 litotes
619 1982 708 2026 sive
737 1975 914 2038 μέιωσις.
977 1982 1066 2026 Cur
1087 1984 1140 2026 de
1160 1983 1401 2039 Evangelio
1431 1983 1492 2026 ita
1521 1983 1729 2040 glorietur

130 2072 304 2100 causam
338 2057 480 2100 reddit
516 2057 800 2114 descriptione
833 2058 1015 2113 quadam
1047 2057 1276 2115 Evangelii
1306 2073 1332 2100 a
1360 2073 1488 2100 causa
1518 2057 1729 2101 efficiente

131 2139 262 2188 atque
283 2131 449 2185 effecto,
467 2138 511 2174 et
527 2132 730 2187 adjuncta
748 2132 943 2188 potentia
961 2132 1047 2174 Dei
1067 2132 1200 2188 ipsius
1216 2133 1270 2175 ad
1286 2132 1467 2175 salutem
1484 2133 1730 2188 quorumvis

130 2206 351 2250 hominum
371 2206 705 2257 conficiendam3
736 2222 778 2262 q.
799 2207 855 2260 d.,
876 2206 1163 2264 Evangelium
1184 2214 1250 2250 est
1271 2223 1490 2264 organum,
1507 2223 1591 2263 quo
1608 2207 1730 2250 Deus

131 2281 270 2324 exerit
289 2281 525 2338 potentiam
547 2296 667 2324 suam
688 2281 906 2324 servandis
927 2281 1087 2335 electis,
1109 2289 1199 2324 tam
1220 2297 1274 2324 ex
1293 2282 1508 2338 gentibus,
1526 2297 1653 2338 quam
1675 2297 1730 2325 ex

131 2355 341 2406 Judaeis3
372 2356 488 2411 quod
509 2362 554 2398 et
573 2355 664 2411 ipse
685 2355 729 2397 in
749 2371 818 2398 me
843 2362 1044 2412 expertus
1075 2371 1181 2410 sum,
1203 2363 1247 2398 et
1267 2355 1459 2411 quotidie
1479 2356 1524 2398 in
1545 2357 1637 2400 aliis
1658 2373 1731 2400 ex-

133 2429 300 2487 perior:
330 2429 433 2473 Non
454 2437 519 2473 est
540 2429 685 2487 igitur,
707 2445 783 2472 cur
802 2445 871 2472 me
890 2430 1052 2486 pudeat
1081 2429 1322 2487 Evangelii,
1343 2436 1392 2472 ut
1413 2430 1466 2472 ab
1488 2431 1578 2486 ejus
1608 2445 1730 2488 prae-

133 2504 346 2548 dieatione
366 2504 581 2559 desistam,
603 2505 678 2547 sed
700 2510 765 2547 est
786 2519 862 2547 cur
881 2519 1055 2561 pergam
1076 2504 1272 2547 alacriter
1285 2504 1329 2546 in
1345 2504 1426 2547 hoc
1442 2519 1567 2548 cursu
1583 2504 1730 2548 Evan-

133 2579 270 2636 gelico
286 2595 298 2629 3
321 2585 365 2621 et
380 2578 584 2622 Romanis
599 2594 695 2622 cum
712 2578 758 2620 id
773 2594 858 2622 non
873 2578 1150 2634 permittatur
1164 2593 1307 2622 coram
1327 2578 1426 2621 viva
1443 2594 1558 2633 voce,
1576 2579 1729 2623 saltem

109 2653 284 2696 -absens
304 2651 527 2695 scribendo
547 2653 780 2709 suppleam.
839 2653 988 2708 Atque
1004 2653 1066 2696 ita
1090 2653 1330 2710 ingreditur
1349 2654 1580 2696 secundam
1600 2654 1728 2710 Epis-

131 2727 244 2770 tolae
264 2733 442 2782 partem,
463 2741 590 2782 quam
609 2718 735 2780 λόγον
757 2735 800 2770 et
821 2718 983 2783 γξαφῆν
1005 2727 1325 2784 appellavimus,
1347 2743 1456 2784 quae
1478 2728 1726 2771 extenditur

132 2801 188 2843 ad
229 2815 314 2853 xv„
358 2800 425 2840 14.
485 2798 620 2855 Cujus
660 2816 826 2843 summa
864 2801 1097 2858 propositio
1137 2801 1227 2844 sive
1267 2801 1481 2845 conclusio
1521 2801 1625 2844 haec
1661 2809 1726 2846 est

134 2873 392 2921 trimembris
412 2889 425 2924 ς
468 2872 774 2930 Evangelium„
793 2875 974 2918 salutem
995 2875 1136 2919 affert
1175 2876 1304 2919 fidem
1339 2875 1595 2921 conferendo
1635 2876 1730 2932 qui-
