1887 3188
170 199 255 240 400
797 209 977 239 CAPITIS
999 209 1134 239 PRIMI

167 328 305 384 legem
327 335 370 370 et
391 328 675 384 Evangelium
694 345 703 369 ε
735 328 806 369 illa
828 329 986 381 mortis,
1009 329 1087 371 hoc
1111 328 1257 370 salutis
1286 326 1565 369 ministerium
1587 326 1756 369 dicitur.

169 402 370 459 Intellige
405 402 537 458 igitur
568 402 749 444 Paulum
786 403 1007 445 detrahere
1043 403 1140 459 legi,
1178 403 1291 457 quod
1326 401 1394 444 hie
1430 401 1581 443 tribuit
1615 401 1760 442 Evan-

169 476 281 532 gelio
299 493 309 526 3
341 477 493 518 tribuit
514 483 657 518 autem
673 477 908 532 potentiam
931 477 1077 518 salutis
1099 476 1376 518 conferendae
1394 491 1446 518 ex
1461 475 1631 530 justitia
1645 474 1758 527 fidei,

168 565 297 605 quam
328 558 371 592 et
401 551 539 606 ipsum
561 551 749 600 confert;
780 551 913 606 Legis
945 566 1045 592 vero
1067 542 1322 604 ἀδυναμίαν,
1346 565 1444 592 oum
1473 550 1527 591 ad
1557 548 1759 591 iustificap

167 624 340 677 tionem,
370 632 463 666 tum
485 626 538 666 ad
561 625 939 666 sanctificationem
967 625 1183 666 luculente
1214 625 1489 677 demonstrat,
1512 639 1560 666 ac
1581 623 1758 679 proinde

168 714 307 754 neque
335 700 390 740 ad
420 699 600 740 salutem
623 699 762 740 valere
792 698 1028 740 necessario
1059 698 1234 754 colligit,
1296 698 1419 740 Salus
1447 698 1579 753 igitur
1598 712 1683 739 non
1705 712 1759 738 ex

167 773 276 828 lege,
310 774 385 814 sed
416 788 468 814 ex
498 772 736 828 Evangelio
769 772 989 827 quibusvis
1021 772 1262 814 hominibus
1299 772 1552 826 quaerenda.
1611 771 1759 826 Atque

167 847 272 888 haec
294 847 346 888 de
369 853 484 888 statu
506 846 722 901 epistolae.

225 920 439 963 Probatur
468 928 612 962 autem
644 920 754 962 salus
786 935 861 975 per
882 920 1166 976 Evangelium
1197 921 1378 962 conferri
1408 927 1591 975 quatuor
1615 918 1760 974 primis

170 1010 291 1051 capp.
313 1001 357 1037 et
378 995 659 1047 concluditur,
691 1010 727 1036 c.
754 1010 794 1036 v.
854 994 924 1035 Ex
953 994 1286 1037 sanctificatione
1309 1010 1422 1047 vero,
1454 1009 1574 1050 capp.
1597 993 1652 1036 vi.
1675 992 1760 1046 vii„

169 1070 320 1112 eadem
341 1069 627 1112 confirmatur.

226 1219 283 1261 V.
311 1221 378 1262 17.
410 1209 494 1259 Ε’κ
519 1211 660 1264 vla-'2605
684 1212 737 1264 εἷς
761 1211 878 1264 ‘m'gm
938 1219 1111 1275 Exponi
1142 1219 1280 1262 solent
1309 1219 1413 1262 haec
1441 1218 1572 1261 verba
1596 1219 1649 1260 de
1676 1217 1762 1260 fide

169 1292 306 1335 indies
327 1300 596 1350 augescente,
615 1294 684 1336 cui
699 1294 1043 1349 interpretationi
1059 1293 1281 1350 suffragari
1296 1300 1473 1349 putatur
1488 1309 1611 1346 unus,
1633 1298 1762 1347 atque

169 1367 278 1410 alter
306 1368 424 1411 locus
445 1369 586 1423 quoad
616 1368 800 1423 phrasin,
831 1375 882 1409 ut
903 1368 1032 1422 vulgo
1063 1368 1339 1417 aestimatur3
1372 1383 1425 1409 ex
1445 1367 1677 1423 posteriore
1708 1366 1763 1408 ad

171 1441 270 1485 Cor.
287 1458 378 1498 cap.
394 1442 467 1495 iii.,
482 1458 522 1484 v.
536 1442 613 1484 ult.
631 1433 719 1481 ἀπὸ
739 1434 852 1489 δόξης
870 1436 923 1487 εἷς
942 1434 1077 1490 δόξαν,
1097 1442 1323 1484 adducitur
1331 1458 1342 1491 3
1365 1457 1525 1491 verum,
1541 1457 1637 1483 eum
1650 1441 1762 1483 bona

169 1516 428 1572 optimorum
442 1516 628 1558 virorum
641 1516 778 1569 venia,
794 1516 921 1558 liceat
936 1516 1071 1569 nobis,
1089 1523 1132 1558 et
1148 1515 1288 1557 verbis
1306 1522 1350 1557 et
1363 1521 1614 1571 argumento
1626 1514 1762 1570 magis

171 1597 478 1646 congruentem
499 1589 895 1646 interpretationem
916 1590 1078 1632 afferre.
1138 1590 1354 1646 Loquitur
1374 1590 1434 1631 ibi
1455 1589 1687 1645 Apostolus
1709 1589 1762 1631 de

170 1664 405 1707 ministerio
425 1664 703 1720 Evangelico,
726 1664 845 1706 cuius
876 1664 1116 1706 administri
1143 1672 1243 1706 sunt
1265 1664 1476 1720 Apostoli,
1507 1679 1594 1706 non
1620 1664 1763 1706 velata

170 1738 290 1792 facie,
311 1745 360 1781 ut
382 1738 539 1792 Moses,
572 1739 647 1780 sed
666 1745 854 1789 retecta3
885 1754 972 1780 non
993 1739 1260 1794 splendorem
1282 1738 1509 1781 evanidum
1539 1738 1639 1780 inde
1660 1739 1763 1780 emi-

168 1820 351 1867 cantem,
378 1813 454 1855 sed
479 1813 729 1855 immensam
749 1813 835 1855 Dei
864 1813 1041 1870 gloriam
1061 1813 1106 1854 in
1129 1812 1290 1856 Christi
1320 1813 1427 1856 facie
1453 1813 1760 1869 refulgentem3

169 1903 256 1930 non
275 1887 432 1930 tabulis
453 1887 603 1941 saxeis,
622 1888 775 1943 quibus
796 1888 1008 1943 insculpta
1029 1888 1226 1930 occidens
1241 1888 1376 1941 litera,
1399 1888 1475 1930 sed
1494 1887 1650 1930 tabulis
1671 1902 1763 1930 eor-

170 1961 236 2004 dis
256 1962 466 2016 mollibus,
487 1969 537 2004 ut
558 1969 623 2004 est
643 1977 753 2016 earo,
776 1962 930 2017 quibus
950 1963 1021 2004 lex
1041 1962 1074 2004 J
1077 1962 1236 2005 ehovae
1257 1962 1528 2012 inscribitur;
1549 1977 1634 2004 non
1654 1961 1760 2018 legis

169 2035 417 2090 ministerio,
439 2037 515 2078 sed
535 2036 763 2092 Evangelii
783 2037 1098 2092 praedicatione
1119 2043 1324 2092 tanquam
1343 2037 1388 2078 in
1409 2037 1579 2092 speculo
1595 2036 1760 2092 conspi-

167 2109 364 2153 ciendam
393 2117 786 2166 repraesentantes:
832 2109 966 2153 Cuius
1001 2111 1160 2167 gloriae
1190 2111 1376 2168 imagine
1405 2111 1761 2160 transformantur

168 2184 397 2238 auditores,
421 2191 472 2226 ut
493 2191 537 2227 et
557 2184 639 2240 ipsi
668 2200 838 2240 quoque
861 2184 1033 2228 Christo
1063 2185 1246 2241 glorioso
1276 2185 1603 2238 conformentur,
1630 2185 1761 2228 ducta

167 2258 368 2301 nimirum
397 2259 582 2315 imagine
613 2274 638 2301 a
666 2259 813 2315 gloria,
847 2275 955 2315 quae
986 2266 1051 2302 est
1083 2259 1128 2301 in
1159 2259 1322 2302 Christi
1345 2258 1465 2312 facie,
1497 2259 1551 2300 ad
1580 2259 1758 2315 gloriam

169 2333 434 2375 auditoribus
454 2333 792 2389 imprimendam,
814 2333 956 2389 idque,
977 2349 1063 2376 non
1083 2333 1373 2376 ministrorum
1392 2333 1449 2386 vi,
1471 2333 1548 2375 sed
1567 2332 1757 2387 Domini,

168 2407 244 2463 qui
263 2407 449 2463 Spiritus
471 2414 549 2462 est,
571 2407 732 2450 virtute
753 2407 976 2464 spirituali.
1034 2407 1190 2463 Itaque
1220 2406 1379 2462 duplex
1397 2406 1467 2449 hic
1487 2407 1634 2463 gloria,
1647 2423 1760 2464 quae

167 2496 263 2523 rum
277 2481 412 2523 altera
426 2481 600 2524 alterius
621 2497 748 2524 causa
768 2488 858 2532 est3
880 2481 1080 2523 nimirum
1096 2496 1146 2524 ea
1161 2496 1269 2536 quae
1287 2487 1352 2523 est
1369 2480 1544 2535 Christi,
1565 2481 1758 2526 relucens

166 2555 212 2597 in
241 2554 556 2611 praedicatione
576 2555 817 2612 Evangelii,
845 2571 972 2598 causa
993 2561 1058 2598 est
1087 2554 1246 2615 gloriae
1266 2554 1310 2596 in
1332 2555 1609 2610 auditoribus,
1631 2555 1760 2600 sicuti

166 2643 361 2687 gemma-e
381 2629 591 2685 scriptura
620 2630 686 2672 sui
714 2630 945 2686 imaginem
974 2644 1096 2672 cerae
1123 2628 1342 2685 imprimit,
1374 2636 1418 2672 et
1448 2645 1575 2673 causa
1595 2637 1660 2673 est
1678 2629 1759 2673 im·-

167 2719 338 2761 pressae
356 2703 403 2745 in
422 2718 520 2746 cera
537 2703 700 2759 figurae
720 2703 959 2746 conformis.

224 2778 344 2834 Ergo
357 2777 440 2821 hoc
453 2777 561 2819 nihil
575 2778 631 2819 ad
646 2777 836 2820 eiusdem
855 2777 902 2819 in
921 2777 1071 2819 eodem
1091 2777 1414 2821 incrementum.
1459 2777 1602 2822 Multo
1613 2778 1756 2825 minus

167 2853 223 2895 ad
249 2867 340 2896 rem
353 2852 469 2896 ‘facit
496 2842 591 2892 καθ’
619 2843 846 2908 ὑπερβολὴν
873 2845 928 2898 εἰς
951 2843 1193 2909 ὑπερβολὴν,
1227 2855 1252 2896 2
1276 2853 1375 2897 Cor.
1395 2853 1453 2896 iv.
1477 2855 1544 2897 17.
1610 2852 1757 2906 Quum
