1887 3188
192 208 275 249 496
791 218 1171 261 COMMENTARIUS,

191 354 257 381 res
289 339 489 392 ornando,
521 339 718 381 adversas
749 339 984 396 mitigando
1017 339 1218 393 studiose,
1242 346 1285 381 et
1317 354 1479 380 summa
1511 337 1777 380 humanitate

192 413 391 466 colamus,
413 429 453 455 v.
478 414 544 467 13,
569 415 635 467 14,
660 415 726 456 15.
788 413 1012 467 Quintum,
1043 420 1092 455 ut
1124 413 1430 456 sententiarum
1459 419 1503 455 et
1532 412 1778 468 opinionum

192 502 278 529 non
298 487 438 528 minus
460 502 586 542 quam
618 487 853 529 animorum
884 494 926 530 et
958 487 1228 529 voluntatum
1264 502 1428 530 summa
1460 486 1679 529 consensio
1709 485 1778 538 sit,

191 576 330 616 neque
361 576 487 617 supra
517 568 689 617 captum
720 568 794 602 aut
825 561 1090 602 vocationem
1112 567 1312 613 nostram,
1335 576 1442 616 quae
1464 568 1563 603 sunt
1585 559 1780 602 sublimia

193 635 415 677 ambitiose
456 635 716 687 affectemur,
748 634 909 690 ingenii
950 634 1240 690 praefidentia,
1273 635 1347 676 sed
1377 634 1432 675 ad
1461 635 1546 676 ima
1585 648 1779 689 quaeque

192 716 321 764 atque
342 709 447 751 adeo
477 709 633 761 infima,
656 708 822 763 quoties
857 723 925 750 res
961 715 1004 750 et
1039 715 1207 763 tempus
1241 708 1473 763 postulant,
1503 707 1779 750 submissione

193 783 335 835 animi,
373 789 416 825 et
448 782 657 824 modestia
689 797 787 824 vere
824 781 1068 824 Christiana
1101 797 1178 824 nos
1214 782 1513 831 demittamus;
1549 797 1628 824 neo
1658 781 1779 824 nobis

193 857 404 909 nimirum,
422 863 567 898 nostra
583 856 679 898 freti
696 856 935 911 prudentia,
954 863 1028 898 aut
1044 856 1293 909 tribuamus,
1312 862 1386 898 aut
1399 856 1639 912 placeamus
1652 871 1693 898 v.
1712 857 1779 898 16.

197 931 377 974 Sextum
399 931 452 972 de
482 930 647 985 injuriis
681 945 766 972 non
797 930 1077 984 vindicandis,
1110 931 1184 972 sed
1212 930 1389 973 honeste
1417 945 1558 972 coram
1586 929 1781 972 omnibus

194 1005 391 1058 vivendo,
424 1011 467 1047 et
497 1020 645 1060 pacem
675 1011 883 1059 quantum
913 1020 1042 1060 penes
1073 1020 1149 1046 nos
1186 1012 1263 1058 est,
1291 1011 1334 1046 et
1365 1020 1442 1060 per
1462 1004 1646 1047 officium
1665 1004 1780 1058 licet,

194 1095 290 1122 cum
313 1079 507 1121 omnibus
527 1079 805 1134 procurando,
829 1078 956 1120 etiam
979 1079 1031 1120 de
1059 1078 1251 1120 hostibus
1272 1078 1380 1120 bene
1411 1093 1658 1132 mereamur,
1689 1079 1783 1121 vin-

195 1154 354 1196 dictam
370 1154 465 1196 Deo
490 1154 790 1209 relinquentes,
814 1159 858 1195 et
878 1153 1035 1194 malum
1056 1153 1167 1195 bono
1189 1159 1436 1208 superantes
1457 1168 1497 1194 v.
1520 1154 1588 1195 20.
1635 1155 1662 1177 “
1679 1151 1780 1196 Car-

194 1228 326 1270 bones
347 1228 471 1284 ignis,
494 1229 599 1270 etc.''

659 1226 944 1269 Proverbialis
965 1227 1123 1269 locutio
1156 1226 1283 1268 Prov.
1313 1242 1403 1282 cap.
1425 1242 1526 1269 xxv.
1547 1242 1587 1269 v.
1609 1228 1678 1280 22,
1699 1226 1727 1268 i.
1745 1242 1781 1268 e.

198 1303 511 1355 benefaciendo,
544 1309 587 1343 et
618 1301 703 1343 tuis
734 1301 777 1342 in
808 1301 917 1343 male
937 1301 1134 1343 meritum
1158 1301 1211 1342 de
1232 1307 1276 1342 te
1296 1300 1512 1343 beneficiis
1540 1300 1707 1343 hostem
1736 1300 1782 1342 in

196 1392 241 1420 se
263 1377 481 1429 accendes,
512 1383 562 1418 ut
595 1375 676 1418 sibi
695 1376 829 1417 iratus
850 1375 1046 1430 injuriam
1075 1375 1154 1417 tibi
1184 1375 1339 1416 factam
1360 1375 1405 1416 in
1425 1390 1470 1417 se
1490 1374 1580 1430 ipse
1607 1374 1783 1417 ulcisca-

194 1458 280 1494 tur.
339 1450 487 1505 Atque
512 1450 616 1492 haec
638 1450 691 1492 de
712 1449 941 1491 universali
962 1456 1189 1505 praecepto
1211 1448 1450 1491 sanctitatis
1471 1448 1784 1492 Ecclesiasticis

195 1525 454 1578 muneribus,
476 1532 520 1567 et
541 1523 708 1566 Ethicis
728 1523 960 1566 virtutibus
981 1524 1311 1566 accommodato.
1373 1523 1577 1577 Sequitur
1604 1529 1654 1565 ut
1677 1522 1784 1578 poli-

195 1599 292 1642 ticis
333 1605 377 1641 et
415 1597 631 1640 hieraticis
671 1597 1014 1639 accommodetur
1054 1596 1214 1638 officiis.
1291 1588 1663 1652 Παξαγγὲλμιατα
1694 1587 1782 1652 περὶ

199 1668 340 1720 ἠθικῶν
361 1666 506 1729 ἀρετῶν
528 1664 629 1720 ἔστι,
654 1663 743 1728 περὶ
763 1668 836 1718 τῆς
856 1664 910 1717 εἰς
930 1663 1142 1717 ἀλλῆλους
1164 1660 1361 1727 ὁμωνοίας
1381 1661 1459 1709 καὶ
1482 1661 1572 1726 περὶ
1590 1666 1664 1717 τῆς
1684 1661 1782 1726 πςδς

168 1730 178 1738 ’
202 1738 308 1786 Θεὸν
330 1739 542 1804 λατξὲιας,
568 1737 646 1786 καὶ
669 1737 758 1801 περὶ
781 1741 854 1792 τῆς
877 1736 976 1801 πςός
999 1736 1300 1800 ἀντικειμένους
1325 1735 1603 1790 ἀνεξικακίας.

552 2043 855 2087 DECIMUM
884 2041 1171 2085 TERTIUM
1201 2041 1421 2086 CAPUT.

579 2190 680 2256 Περὶ
703 2195 777 2247 τῆς
800 2190 899 2256 πξός
922 2192 1130 2255 οἵξχοντας
1149 2191 1386 2252 ὑποταγῆς,

576 2266 655 2315 καὶ
677 2266 767 2331 περὶ
785 2266 1048 2331 σωφροσύνης,
1073 2265 1150 2313 καὶ
1173 2265 1417 2330 πραότητος.

256 2423 327 2466 De
354 2419 597 2465 obedientia
631 2433 732 2476 ergo
766 2417 1062 2475 Magistratus,
1094 2417 1140 2459 in
1171 2431 1257 2472 quo
1289 2430 1414 2458 omne
1446 2413 1570 2457 civile
1601 2413 1786 2459 officium

199 2497 444 2543 continetur
471 2510 525 2537 ex
553 2500 703 2536 mutua
732 2492 938 2536 relatione
970 2491 1257 2547 subjectorum
1287 2504 1389 2546 erga
1407 2488 1714 2546 Magistratum
1742 2495 1787 2532 et

201 2572 484 2630 Magistratus
515 2583 616 2625 erga
651 2566 856 2620 subditos,
884 2571 1158 2623 praeceptum
1187 2564 1268 2606 hoc
1288 2562 1509 2620 politicum
1537 2563 1662 2606 initio
1681 2562 1724 2606 v.
1746 2565 1787 2607 1.

201 2645 453 2698 universale,
485 2635 623 2682 Πᾶσα
647 2633 792 2694 ψυχὴ,
824 2640 1038 2683 neminem
1067 2638 1282 2682 hominem
1307 2638 1596 2693 cujuscunque
1627 2636 1786 2680 ordinis

203 2714 432 2771 excipiens.
509 2714 778 2770 Praecipitur
817 2704 1030 2766 ὑποταγῆ,
1081 2710 1288 2767 subjectio
1327 2710 1612 2767 potestatibus
1651 2701 1788 2766 ὑπεξε-

203 2781 395 2844 χόυσαὸς,
418 2788 854 2847 supereminentibus3
884 2787 930 2828 in
950 2802 1035 2842 qua
1054 2801 1158 2829 voce
1178 2785 1285 2829 latet
1305 2792 1603 2843 argumentum
1624 2784 1789 2840 subJee-

163 2908 166 2909 γ
202 2865 343 2920 tionis,
379 2864 494 2921 quod
528 2862 888 2921 praepositionum
919 2852 1018 2917 ὑπὲρ
1048 2866 1092 2904 et
1122 2850 1205 2900 15πό
1235 2860 1438 2904 antithesi
1467 2859 1674 2917 arguitur.
1738 2857 1788 2902 Si
