1887 3188
181 189 262 230 388
536 238 542 241 .
663 197 996 228 ARGUMENTUM
1019 197 1288 227 EPISTOLAE.

182 319 297 375 quod
318 325 482 361 certum
504 325 568 361 est
600 319 889 361 testimonium
912 325 1004 360 tum
1032 319 1148 374 pacis
1179 335 1273 361 cum
1295 318 1391 360 Deo
1421 323 1464 360 et
1491 316 1775 360 reconciliati-·

183 393 288 447 onis,
310 400 404 435 tum
425 393 572 436 salutis
595 400 638 435 et
658 393 772 435 vitae
794 401 1016 435 aeternae:
1048 409 1144 435 nam
1165 400 1216 435 ut
1237 393 1307 445 qui
1327 393 1369 434 in
1392 408 1516 435 carne
1539 399 1651 445 sunt,
1673 392 1769 433 Deo

182 468 347 524 placere
383 484 467 510 non
500 475 690 523 possunt,
732 468 777 508 in
814 467 977 523 Spiritu
1013 483 1103 509 esse
1139 468 1294 509 docent
1330 483 1457 523 opera
1495 466 1678 522 Spiritus
1726 472 1777 508 et>

184 543 417 585 secundum
450 542 658 598 Spiritum
688 542 901 590 incessus3
940 549 983 583 et
1014 541 1113 596 quia
1142 542 1185 582 in
1219 541 1382 597 Spiritu
1412 548 1524 594 sunt,
1563 541 1770 596 Spiritum

185 612 347 659 Christi
369 624 411 658 et
435 616 655 659 Christum
685 615 845 657 habent
875 615 1053 656 incolam
1072 631 1082 664 3
1116 615 1187 669 qui
1211 615 1394 670 Spiritus
1417 615 1579 658 Christi
1609 631 1634 656 a
1660 615 1769 667 Deo,

183 698 232 733 ut
255 691 473 734 Christum
497 690 701 732 excitavit
723 705 747 730 a
768 689 956 742 mortuis,
979 689 1040 730 ita
1060 689 1293 731 vivificabit
1322 705 1347 730 a
1373 697 1548 744 peccato
1570 698 1613 730 et
1633 697 1770 730 morte

182 765 306 821 plane
336 765 591 825 liberaturus
622 779 797 819 corpora
826 764 945 816 haec,
978 779 1086 818 quae
1117 763 1230 805 nu'nc
1261 770 1453 818 peccant,
1489 763 1695 816 mortalia,
1728 769 1771 804 et

183 838 437 895 glorificabit
452 854 549 881 cum
566 838 716 879 animis
733 837 979 894 glorificatis
996 837 1317 893 coniungenda:
1343 836 1460 889 Quin
1482 844 1525 878 et
1546 837 1658 878 idem
1677 836 1773 892 Spi-

182 913 290 955 ritus
311 929 387 955 nos
410 913 691 965 sanctificans,
716 920 779 954 est
802 912 1042 967 adoptionis
1066 911 1250 967 Spiritus
1273 911 1501 967 obsignans
1517 911 1558 951 in
1575 910 1777 953 cordibus

183 987 339 1030 nostris
370 988 570 1029 affectum
591 987 676 1028 Dei
698 1002 798 1042 erga
819 1002 895 1028 nos
925 993 1163 1042 paternum,
1186 985 1771 1041 nostramque'adoptionem.

183 1062 311 1105 Vnde
332 1062 512 1104 infertur
533 1061 679 1103 salutis
703 1068 745 1102 et
761 1061 920 1117 gloriae
937 1068 1134 1102 aeternae
1156 1060 1382 1113 certitudo,
1409 1075 1463 1101 ex
1483 1075 1533 1102 eo
1554 1060 1668 1115 quod
1683 1059 1777 1112 filii,

183 1152 231 1179 ac
251 1136 428 1192 proinde
456 1136 660 1177 haeredes
681 1135 779 1188 Dei,
813 1142 855 1176 et
882 1134 1044 1177 Christi
1074 1135 1353 1177 cohaeredes:
1388 1133 1486 1187 Quo
1508 1141 1673 1190 spectat
1702 1134 1775 1175 illa

182 1226 323 1252 rerum
348 1218 598 1261 creatarum,
631 1209 751 1264 quasi
778 1209 1011 1262 nobiscum,
1043 1217 1131 1251 tam
1165 1209 1345 1274 sollicita
1370 1209 1623 1264 expectatio,
1646 1222 1773 1264 quam

183 1285 393 1327 unanimis
408 1279 651 1341 συμπάθεια
667 1303 706 1327 v.
725 1288 763 1339 3,
781 1287 834 1327 ad
849 1301 966 1341 spem
984 1285 1131 1327 salutis
1148 1285 1490 1339 confirmandam,
1508 1301 1592 1340 quo
1609 1291 1774 1341 spectat

183 1367 226 1402 et
249 1359 435 1415 Spiritus
458 1360 530 1403 Sti.
552 1360 596 1401 in
617 1360 804 1402 adversis
826 1360 1095 1415 praesidium,
1119 1366 1162 1402 et-
1192 1360 1234 1400 in
1257 1353 1452 1415 precibus
1479 1360 1603 1402 ardor
1623 1366 1667 1401 et
1688 1357 1776 1401 effi·-

183 1433 323 1476 cacia:
354 1433 554 1488 Denique
581 1434 665 1476 huc
687 1434 828 1476 omnia
849 1434 976 1476 etiam
1005 1435 1194 1487 adversa,
1226 1441 1355 1489 atque
1377 1435 1482 1476 adeo
1502 1441 1690 1490 peccata,
1722 1449 1779 1476 ex

184 1508 270 1550 Dei
286 1504 551 1550 ordinatione
572 1509 769 1562 tendunt,
786 1515 848 1561 ut,
865 1515 1035 1550 nostrae
1057 1508 1402 1551 sanctificationis
1423 1509 1488 1551 his
1509 1509 1658 1551 mediis
1679 1524 1776 1564 pro-

183 1583 419 1625 movendae
440 1582 640 1624 certiores
660 1583 775 1636 facti,
793 1590 910 1625 certo
932 1583 1112 1624 sciamus
1135 1598 1187 1624 ex
1208 1590 1380 1625 aeterno
1396 1583 1482 1625 Dei
1496 1583 1712 1639 proposito
1730 1589 1774 1625 et

183 1656 584 1712 praedestinatione,
606 1671 683 1698 nos
704 1656 878 1698 tandem
895 1656 1121 1711 aliquando
1141 1656 1423 1711 glorificatum
1439 1657 1503 1710 iri,
1525 1657 1640 1712 quod
1655 1672 1776 1712 apos-

182 1730 296 1773 tolus
326 1745 403 1786 per
429 1730 706 1786 praeteritum
737 1736 906 1786 ternpus
938 1730 1158 1786 expressit,
1188 1721 1366 1777 ἐδόξασε,
1391 1731 1445 1772 ad
1465 1731 1574 1773 hanc
1601 1730 1779 1773 certitu-¹

183 1805 327 1847 dinem
349 1805 496 1847 salutis
513 1804 856 1857 confirmandam,
886 1820 970 1860 quo
1002 1811 1196 1860 spectant
1222 1805 1363 1858 etiam,
1391 1805 1535 1847 Deum
1555 1804 1776 1847 nobiscum

183 1894 288 1933 esse,
313 1879 460 1934 itaque
491 1878 595 1934 quid
625 1885 774 1921 contra
792 1880 901 1921 nos?
933 1878 1153 1922 Christum
1173 1879 1307 1921 filium
1328 1880 1494 1922 dedisse
1515 1879 1649 1932 nobis,
1672 1878 1776 1934 quid

183 1954 448 2010 negaturus?
477 1968 554 1995 nos
569 1953 838 2008 justificasse,
862 1953 961 2008 quis,
981 1960 1254 1995 accusaturus
1271 1954 1289 1995 ⁸?
1321 1953 1540 1997 Christum
1561 1953 1682 1996 nobis
1702 1968 1781 2009 pa-·

183 2034 354 2069 tronum
377 2043 481 2080 esse,
511 2042 612 2083 ergo
633 2027 745 2069 salus
775 2033 921 2069 nostra
948 2027 1183 2069 certissima
1204 2034 1282 2069 est.
1341 2027 1489 2083 Atque
1509 2028 1614 2070 haec
1635 2028 1777 2070 omnia

183 2101 360 2156 faciunt,
389 2107 439 2143 ut
469 2101 612 2143 Deum
633 2101 900 2143 redamemus
929 2101 1122 2156 exemplo
1142 2102 1299 2144 veteris
1321 2102 1535 2156 ecclesiae,
1565 2101 1638 2144 Ps.
1659 2102 1775 2156 xliv„

183 2176 290 2218 adeo
319 2182 370 2218 ut
399 2175 442 2217 in
476 2175 688 2217 aerumnis
719 2181 762 2217 et
792 2175 932 2217 media
965 2182 1103 2218 morte
1132 2176 1227 2231 plus
1258 2191 1385 2231 quam
1411 2176 1594 2218 victores
1629 2175 1782 2230 simus„

183 2265 325 2293 amore
345 2249 478 2306 ipsius
498 2249 543 2290 in
558 2249 714 2292 nost-ris
735 2249 885 2291 animis
903 2265 1080 2292 accenso
1095 2265 1172 2305 per
1188 2249 1396 2306 Spiritum
1413 2249 1492 2292 Sm.
1514 2265 1640 2292 sensu
1660 2249 1772 2292 illius

181 2325 349 2379 amoris,
371 2340 456 2380 quo
475 2324 597 2366 Deus
617 2323 662 2365 in
684 2323 857 2366 Christo
888 2330 954 2366 est
983 2340 1060 2366 nos
1084 2324 1197 2366 ultro
1217 2330 1512 2380 prosequutus,
1537 2339 1664 2379 quam
1685 2324 1775 2367 vim

180 2399 335 2442 amoris
355 2398 496 2440 mutui
516 2405 560 2440 et
580 2384 796 2441 uinculum
818 2398 1108 2440 indissolubile
1128 2398 1245 2440 nulla
1264 2398 1328 2440 vis
1348 2398 1393 2439 in
1415 2405 1528 2440 terra
1546 2406 1622 2441 aut
1641 2399 1771 2453 caelo,

181 2473 251 2516 vel
279 2473 360 2515 hac
389 2488 531 2515 rerum
550 2472 829 2515 universitate
860 2479 990 2528 queat
1010 2472 1231 2514 dirimere:
1262 2472 1362 2514 hinc
1391 2487 1536 2515 rursus
1557 2488 1611 2515 ex
1627 2473 1773 2516 -nostri

181 2540 517 2590 sanctificatione
538 2546 753 2603 colligitur
773 2546 921 2588 salutis
941 2545 1177 2596 certitud03
1199 2552 1328 2601 atque
1348 2547 1410 2588 ita
1429 2554 1479 2589 ut
1500 2563 1554 2589 ex
1567 2547 1776 2602 justifica—

181 2621 300 2665 tione
330 2635 422 2676 cap.
452 2635 494 2662 v.
553 2620 626 2662 Ita
655 2635 710 2662 ex
739 2619 1072 2663 sanctificatione
1103 2635 1194 2675 cap.
1216 2620 1273 2662 vi.
1295 2623 1363 2674 23,
1395 2636 1486 2677 cap.
1507 2621 1580 2664 vii.
1602 2623 1670 2676 24,
1701 2622 1778 2676 25,
1778 2638 1780 2640 ’

182 2710 275 2752 cap.
304 2694 394 2738 viii.
425 2695 830 2748 1,10,11,13,17,
859 2696 928 2748 28,
958 2695 1026 2748 34,
1058 2700 1102 2736 et
1131 2694 1295 2749 ultimo,
1326 2695 1595 2752 colligitur,'
1583 2711 1777 2752 inquam,

181 2769 331 2812 salutis
350 2767 577 2812 certitudo.
1770 2817 1773 2820 Ι

199 2843 465 2887 Hactenus
482 2857 584 2899 ergo
593 2841 765 2897 justitia
781 2848 824 2884 et
840 2841 952 2884 salus
967 2826 1182 2898 gratuita'
1171 2859 1215 2884 1n
1231 2843 1403 2893 Christo
1416 2859 1492 2900 per
1505 2843 1778 2901 evangelium
