1887 3188
715 196 814 228 CAP.
837 197 912 227 xv.
938 185 1077 228 14-25.
1609 185 1688 227 509

113 309 500 353 administratione:
533 308 761 365 amplificat
782 316 825 351 et
846 325 870 351 a
890 309 991 352 locis
1013 308 1225 363 subjectis,
1249 315 1291 351 et
1307 308 1524 364 regionum
1542 308 1688 364 ampli-

114 386 276 439 tudine,
299 401 402 440 quas
434 384 659 440 repleverit
680 384 906 440 Evangelii
940 384 1264 440 praedicatione,
1287 385 1400 439 quod
1435 383 1478 424 in
1508 383 1558 426 iis
1589 391 1687 425 ante

112 460 194 503 fuit
210 460 460 513 inauditum,
483 460 714 502 secundum
736 459 887 502 Esaiae
909 459 1251 515 praedictionem.
1308 459 1510 501 Notanda
1527 466 1569 501 et
1585 459 1689 500 haec

112 550 280 591 quoque
301 542 402 577 nota
422 535 712 591 Apostolatus,
734 535 887 590 positio
908 533 1185 587 fundamenti,
1204 541 1251 575 ut
1267 534 1320 576 de
1337 534 1472 589 scipso
1488 534 1687 588 loquitur,

114 612 136 652 1
161 609 258 653 Cor.
280 626 371 666 cap.
392 610 450 651 iii.
474 612 498 634 ‘⁴
513 610 681 652 Peritus
699 610 954 652 architectus
975 609 1295 651 fundamentum
1311 609 1469 664 posui.”
1516 609 1575 650 Et
1597 624 1690 650 coe-

112 684 230 728 lestis
245 685 565 741 Hierosolymae
580 681 802 728 duodecim
815 685 1100 727 fundamentis
1114 685 1283 726 nomina
1299 684 1370 725 xii.
1388 684 1689 739 Apostolorum

112 760 212 817 agni
226 760 455 817 inscripta3
484 760 620 816 Apoc.
641 760 728 802 xxi.
778 760 967 803 Notetur
988 768 1031 803 et
1052 760 1225 802 verbum
1249 756 1599 815 φιλοτιμοῦμενον,
1623 758 1691 801 cui

113 835 257 878 subest
274 836 513 878 ambitionis
534 836 664 890 notio,
686 851 726 891 q.
744 836 784 877 d.
807 851 851 878 se
868 836 1087 878 ambitiose
1104 836 1339 878 studiosum
1355 835 1481 877 fuisse
1498 835 1551 876 ad
1573 849 1691 876 sanc-

112 918 202 953 tam
223 926 341 953 suam
365 911 643 967 cupiditatem
675 910 938 966 explendam.
996 910 1143 966 Atque
1175 910 1283 953 hanc
1319 925 1486 952 causam
1514 909 1691 966 impedi-

111 993 255 1028 mento
275 986 402 1028 fuisse
424 987 549 1028 docet
569 1001 882 1041 saepenumero,
905 1002 988 1042 quo
1009 986 1146 1028 minus
1169 1001 1238 1028 eos
1268 985 1472 1039 inviserit,
1494 985 1591 1027 vide
1623 1000 1691 1026 su-

111 1075 199 1116 pra,
236 1076 326 1116 cap.
357 1061 385 1102 i.
417 1077 458 1103 v.
497 1063 564 1104 13.
623 1051 856 1109 Ἐκωλῦθη,
896 1068 976 1104 etc.
1046 1061 1141 1104 Nec
1182 1061 1357 1103 dubium
1392 1060 1494 1116 quin
1527 1060 1691 1116 Spiritu

112 1135 271 1179 Sancto
292 1143 438 1179 autore
459 1136 671 1190 detentus,
694 1144 737 1179 et
758 1144 987 1193 occupatus
1008 1136 1052 1178 in
1072 1137 1136 1179 his
1157 1136 1363 1179 tractibus
1378 1135 1690 1193 praedicatione

110 1210 336 1268 Evangelii
356 1212 410 1253 ad
430 1211 666 1254 fundandas
691 1212 871 1268 primum
899 1212 1125 1266 Ecclesias,
1157 1212 1254 1254 vide
1284 1211 1372 1254 Act
1392 1211 1490 1265 xvi„
1513 1226 1599 1254 ver.
1624 1212 1690 1254 19.

110 1285 182 1330 Sic
202 1286 355 1328 transit
375 1287 429 1328 ad
449 1287 624 1329 alteram
645 1287 958 1329 excusationem
980 1286 1100 1329 dilati
1125 1287 1333 1329 adventus
1355 1286 1419 1328 sui
1441 1286 1528 1342 (vel
1547 1286 1689 1342 potius

108 1361 236 1404 infert
257 1377 309 1403 ex
329 1362 565 1417 superiori,)
588 1362 707 1416 cujus
727 1361 816 1417 ipse
837 1362 981 1404 multis
996 1363 1085 1417 jam
1107 1362 1226 1404 annis
1251 1362 1446 1418 flagravit
1467 1361 1687 1415 desiderio,

110 1443 154 1479 et
174 1451 286 1479 nunc
307 1436 425 1479 brevi
445 1436 635 1479 futurum
655 1437 889 1493 pollicetur,
913 1436 1078 1479 sublato
1098 1436 1182 1491 illo,
1202 1437 1340 1492 (cujus
1362 1436 1586 1492 meminit,)
1612 1436 1690 1478 im-

109 1511 368 1569 pedimento.
430 1511 614 1555 Climata
633 1512 823 1554 nominat
844 1527 1018 1554 numero
1043 1512 1327 1554 multitudinis
1358 1512 1486 1554 verbo
1516 1527 1692 1568 geogra-

109 1587 234 1644 phico
250 1603 363 1641 usus,
384 1594 434 1629 ut
454 1603 579 1643 quam
595 1587 720 1643 longe
735 1587 904 1642 lateque
921 1602 996 1643 per
1016 1587 1159 1629 orbem
1180 1595 1384 1629 terrarum
1406 1587 1689 1644 Evangelium

111 1662 394 1705 disseminarit
423 1662 697 1718 intelligatur,
721 1669 763 1704 et
784 1677 986 1705 converso
1007 1662 1061 1704 ad
1083 1661 1300 1706 Christum
1336 1662 1496 1705 oriente
1533 1662 1611 1704 sibi
1646 1662 1691 1704 in

111 1738 252 1780 animo
273 1744 317 1780 et
338 1738 601 1780 occidentem
621 1737 814 1791 invisere,
835 1737 1039 1793 imprimis
1059 1744 1282 1793 utramque
1304 1737 1568 1793 Hesperiam,
1589 1737 1617 1779 i.
1639 1753 1689 1791 e.,

111 1812 281 1856 Italiam
303 1819 347 1855 et
367 1812 633 1869 Hispaniam,
655 1828 782 1868 quam
805 1804 1008 1866 Σπανίαν,
1030 1812 1155 1855 sicuti
1176 1819 1219 1855 et
1241 1811 1418 1866 Gellius,
1435 1812 1506 1854 lib.
1523 1812 1579 1854 ix.
1596 1828 1687 1868 cap,

107 1888 210 1942 xiii„
248 1887 451 1932 Gladium
487 1887 729 1944 Spanicum,
770 1889 906 1939 dixit3
946 1904 1093 1931 verum
1122 1903 1235 1931 nunc
1264 1903 1349 1931 non
1378 1903 1500 1944 posse
1530 1888 1691 1944 profec-

107 1963 267 2007 tionem
287 1964 339 2006 ad
370 1963 462 2006 illos
493 1963 695 2006 adornare
724 1971 898 2020 propter
925 1964 1251 2020 Eleemosynam
1281 1979 1306 2005 a
1334 1963 1622 2006 Macedonicis
1643 1970 1688 2007 et

107 2038 308 2082 Achaicis
341 2038 545 2082 Ecclesiis
579 2039 787 2093 collatam,
819 2045 864 2082 et
891 2039 1146 2096 pauperibus
1177 2038 1576 2095 Hierosolymitanis
1611 2054 1688 2081 sua

112 2128 240 2170 opera
254 2128 368 2156 nunc
384 2112 693 2155 conferendam.
744 2112 926 2157 Causam
942 2113 1065 2156 affert
1079 2113 1204 2169 hujus
1221 2113 1488 2170 erogationis,
1505 2113 1593 2156 sive
1613 2108 1686 2160 τῆς

110 2179 263 2241 λογίας
278 2183 350 2235 τῆς
370 2180 424 2233 εἷς
445 2178 543 2234 τούς
565 2180 729 2241 ἁγίους,
764 2189 832 2245 (ut
864 2190 887 2230 1
911 2187 1008 2232 Cor.
1039 2203 1130 2244 cap.
1161 2187 1247 2230 xvi.
1279 2203 1364 2230 ver.
1397 2188 1435 2241 1,
1465 2186 1686 2242 loquitur‚)

111 2271 401 2320 expromptam
424 2270 468 2306 et
488 2263 769 2306 voluntariam
798 2262 1104 2306 conferentium
1134 2262 1402 2316 oblationem,
1433 2268 1476 2304 et
1497 2261 1689 2304 debitum

110 2337 310 2381 fiatribus
338 2337 372 2381 J
375 2337 519 2381 udaeis
553 2337 750 2392 officium,
784 2337 1007 2394 imparium
1037 2344 1286 2394 argumento
1315 2336 1569 2380 illustratum
1592 2353 1604 2388 ;
1639 2343 1690 2379 ut

111 2411 326 2456 Romanos
359 2413 525 2456 illorum
556 2412 750 2470 exemplo
777 2419 980 2469 provocet
1000 2412 1054 2454 ad
1074 2418 1263 2455 sanctam
1293 2418 1337 2454 et
1365 2411 1478 2469 piam
1508 2412 1691 2455 aemula-

111 2486 286 2530 tionem.
356 2487 454 2532 Hoc
483 2487 616 2545 igitur
642 2488 830 2545 perfecto
849 2479 928 2528 καὶ
947 2480 1292 2544 σφραγισάμενος,
1318 2486 1399 2541 i.e.,
1431 2486 1614 2530 fideliter
1645 2493 1689 2530 et

111 2561 233 2623 quasi
251 2562 407 2605 annulo
427 2562 696 2620 obsignatum
717 2563 949 2620 deposuero
973 2563 1158 2606 fructum
1186 2563 1300 2606 hunc
1325 2561 1544 2605 charitatis
1572 2561 1690 2605 Gen-

111 2637 220 2680 tium
250 2651 351 2693 erga
378 2636 413 2680 J
413 2637 584 2681 udaicas
611 2638 839 2693 Ecclesias,
874 2637 998 2681 abibo
1027 2653 1104 2695 per
1131 2653 1207 2682 vos
1235 2637 1281 2680 in
1311 2637 1575 2694 Hispaniam.
1633 2636 1688 2679 In

112 2711 365 2769 Hispaniam
385 2711 552 2756 venisse
579 2727 666 2756 non
693 2713 887 2771 legimus,
918 2728 1058 2770 neque
1085 2719 1150 2757 est
1176 2712 1402 2756 verisimile
1431 2727 1486 2755 ex
1513 2711 1689 2755 historia

113 2787 322 2830 Actorum
339 2803 350 2837 3
372 2787 445 2830 sed
466 2785 646 2830 Romam
661 2789 779 2831 venit
793 2788 1044 2845 interposita
1063 2788 1116 2831 ad
1139 2787 1362 2832 Caesarem
1377 2786 1688 2844 provocatione,

113 2861 219 2904 adeo
238 2868 288 2904 ut
308 2861 609 2918 distinguenda
627 2862 712 2906 sint
728 2878 789 2918 ea,
811 2879 918 2919 quae
940 2864 992 2906 de
1012 2863 1196 2906 humano
1211 2862 1366 2906 affectu
1382 2877 1434 2906 ex
1450 2861 1691 2906 sinceritate
