1887 3188
808 220 1030 251 ELENCHI.
1635 212 1718 254 399

119 341 295 396 tissime,
317 339 442 384 simul
462 345 508 383 et
527 338 790 382 sanctissime
806 345 1058 392 tractantur,
1080 339 1186 381 adeo
1202 346 1251 381 ut
1267 340 1426 382 ferreus
1444 340 1512 394 sit,
1534 357 1582 384 ac
1604 357 1721 398 pror·

120 432 192 460 sus
211 416 480 468 inhumanus,
502 414 576 469 qui
596 420 778 467 tantum,
802 420 890 455 tam
911 420 1105 455 sanctum
1127 429 1314 456 amorem
1334 414 1446 457 ultro
1469 431 1512 458 se
1541 416 1720 458 offeren-

120 497 207 533 tem
238 505 324 532 non
344 489 549 531 redamet.
609 487 758 543 Atque
788 488 893 530 haec
915 488 967 530 de
988 494 1169 543 utraque
1192 488 1354 530 exordii
1384 497 1518 544 parte,
1540 497 1719 546 totoque

120 564 306 617 exordio,
329 564 444 619 quod
464 570 710 605 accuratum
731 563 838 605 adeo
860 569 903 605 et
925 562 1187 605 elaboratum
1209 570 1286 615 est,
1303 569 1353 605 ut
1368 563 1475 604 nihil
1491 564 1719 619 quicquam

120 639 177 681 sit
198 639 288 682 eius
309 638 477 695 generis
498 638 611 694 apud
632 638 766 680 ullum
787 638 1036 694 scriptorem
1057 653 1153 680 cum
1171 653 1220 680 eo
1237 639 1582 693 comparandum.
1645 638 1721 681 Se-

121 713 268 770 quitur
296 728 394 769 pars
425 713 611 755 secunda
632 720 676 755 et
701 713 904 769 epistolae
935 712 1174 768 praecipua,
1206 728 1314 767 quae
1345 713 1634 768 disputatione
1666 714 1719 756 de

120 788 315 831 doctrina
336 794 379 830 et
401 787 698 831 adhortatione
719 788 774 829 ad
794 787 926 829 vitam
949 794 992 829 et
1013 803 1150 830 mores
1174 786 1418 830 Christiano
1439 787 1610 830 homine
1627 787 1721 844 dig-

120 878 197 906 nos
218 863 475 906 continetur.

180 1013 237 1056 V.
262 1015 329 1056 16.
361 1012 605 1056 Gloriosum
628 1012 708 1055 sibi
729 1012 848 1055 ducit
869 1012 1084 1068 apostolus
1105 1012 1333 1069 Evangelii
1354 1011 1639 1068 praeconium,
1671 1018 1721 1053 ut

123 1089 244 1144 cujus
265 1088 402 1130 virtus
433 1088 489 1130 sit
509 1088 634 1144 plane
662 1087 819 1141 divina,
852 1094 895 1129 et
927 1087 1147 1142 quibusvis
1178 1087 1419 1129 hominibus
1444 1087 1604 1142 absque
1634 1086 1721 1129 ullo

123 1163 318 1220 gentium
340 1162 582 1206 discrimine
613 1162 835 1211 salutaris3
868 1161 1141 1217 quamobrem
1163 1162 1276 1218 apud
1297 1161 1471 1203 Esaiam
1501 1160 1722 1204 brachium

122 1239 208 1281 Dei
234 1245 426 1281 vocatur.
486 1237 572 1280 Hic
604 1237 881 1293 disceptanda
911 1236 1104 1292 quaestio
1126 1237 1178 1278 de
1201 1243 1317 1278 statu
1346 1236 1472 1278 huius
1504 1235 1721 1292 epistolae,

122 1313 234 1356 sitne
251 1312 361 1355 salus
377 1327 454 1368 per
468 1312 753 1368 Evangelium
775 1327 829 1353 an
844 1312 1015 1366 justitia
1036 1326 1089 1353 ex
1108 1310 1193 1353 fide
1213 1311 1502 1354 conferenda?
1533 1310 1723 1354 Omnino

123 1394 189 1430 est
201 1386 391 1444 gratuita
405 1386 450 1428 in
468 1386 640 1430 Christo
657 1386 782 1440 salus,
799 1387 853 1428 ad
869 1401 998 1441 quam
1012 1386 1275 1441 probandam
1290 1392 1379 1428 tam
1390 1384 1723 1441 justificationis,

123 1477 250 1517 quam
267 1461 614 1504 sanctificationis
628 1460 821 1503 doct-rina
835 1461 970 1503 omnis
986 1461 1162 1502 affertur
1179 1476 1188 1502 ε
1210 1460 1293 1502 Est
1307 1460 1420 1502 enim
1435 1460 1723 1517 Evangelium

121 1527 250 1589 λόγος
265 1527 476 1592 σωτηρίας,
492 1542 535 1579 et
545 1535 742 1579 Christus
755 1534 799 1576 in
806 1535 1045 1592 Evangelio
1059 1527 1202 1591 σωτῆξ,
1215 1551 1292 1577 nec
1307 1541 1372 1577 est
1385 1534 1501 1577 aliud
1515 1534 1593 1577 sub
1607 1534 1724 1576 caelo

122 1626 279 1654 nomen
295 1612 492 1665 salutare,
514 1618 558 1653 et
571 1610 787 1667 apostolus
809 1616 1103 1666 expromptam
1121 1625 1240 1652 suam
1256 1610 1311 1652 ad
1325 1609 1723 1665 Evangelizandum

124 1685 401 1738 alacritatem,
432 1700 473 1727 v.
507 1686 573 1738 15,
599 1684 813 1740 professus
834 1691 927 1726 est:
961 1683 1078 1736 Quin
1101 1689 1145 1726 et
1165 1699 1232 1726 res
1252 1683 1345 1739 ipsa
1365 1683 1503 1736 docet,
1533 1690 1621 1725 tam
1641 1682 1722 1725 hac

125 1759 413 1816 propositione
437 1761 489 1802 16
510 1774 598 1802 ver.
629 1758 823 1812 habetur,
856 1759 977 1814 cujus
1006 1758 1250 1814 probandae
1271 1773 1399 1800 causa
1422 1757 1523 1800 fidei
1551 1757 1723 1812 justitia

127 1837 195 1888 17,
217 1834 456 1888 abducitur,
478 1848 606 1888 quam
627 1839 719 1875 tota
740 1833 1002 1888 subsequens
1034 1832 1281 1889 disputatio,
1313 1839 1358 1875 et
1387 1832 1432 1874 in
1456 1831 1602 1888 primis
1624 1847 1724 1874 con-

124 1909 259 1953 clusio
274 1893 328 1952 de
341 1908 599 1952 certitudine
616 1908 764 1951 salutis
782 1910 820 1962 5,
840 1910 878 1962 6,
902 1911 940 1961 7,
963 1915 1007 1950 et
1023 1910 1064 1951 8.
1085 1923 1206 1964 capp.
1223 1915 1316 1950 tum
1333 1923 1387 1949 ex
1400 1906 1721 1962 justificatione,

125 1991 218 2027 tum
249 1984 379 2026 etiam
409 1999 463 2026 ex
493 1982 828 2026 sanctificatione
848 1982 1015 2038 saepius
1035 1982 1166 2024 illata.
1246 1982 1348 2024 Huc
1376 1988 1572 2038 spectant
1594 1981 1722 2024 etiam

125 2050 381 2114 παραινέσεις
401 2058 455 2100 ad
471 2057 586 2100 vitae
607 2056 931 2100 sanctimoniam
946 2056 1088 2099 variae
1109 2063 1153 2099 et
1172 2055 1444 2112 multiplices,
1465 2062 1595 2111 atque
1615 2055 1723 2097 adeo

125 2134 178 2176 de
199 2140 373 2176 aeterna
391 2131 778 2189 praedestinatione
799 2131 993 2174 doctrina
1012 2130 1096 2172 iam
1120 2130 1221 2173 inde
1241 2130 1295 2173 ab
1315 2130 1478 2174 arcanis
1509 2129 1594 2172 Dei
1625 2145 1725 2172 con-

127 2208 231 2252 siliis
252 2207 337 2251 alte
357 2206 554 2264 repetita,
577 2212 621 2249 et
642 2221 727 2248 uno
747 2205 878 2248 verbo
903 2205 1042 2248 dicam
1063 2205 1190 2248 corde
1211 2205 1401 2248 creditur
1420 2205 1476 2247 ad
1499 2204 1722 2258 iustitiam,

129 2297 202 2326 ore
221 2282 272 2326 fit
292 2281 501 2326 confessio
529 2281 584 2323 ad
614 2281 824 2331 salutem3
853 2287 904 2322 ut
932 2280 1087 2322 mirum
1108 2280 1246 2323 videri
1275 2279 1424 2341 possit,
1446 2279 1551 2335 quid
1575 2278 1725 2335 pleris-

129 2371 213 2413 que
241 2356 548 2413 interpret-ibus
578 2356 624 2397 in
653 2361 842 2398 mentem
871 2354 1052 2409 venerit,
1083 2361 1133 2398 ut
1147 2354 1347 2410 justitiae
1376 2353 1534 2410 primas
1563 2353 1725 2396 tribue-

127 2430 240 2481 rint3
271 2445 370 2473 cum
389 2430 444 2473 de
464 2446 514 2474 ea
533 2430 603 2473 hic
632 2445 720 2473 non
749 2429 832 2472 nisi
861 2429 1010 2472 salutis
1030 2444 1158 2486 causa
1177 2435 1342 2486 agatur,
1363 2425 1419 2471 'et
1445 2427 1556 2472 hanc
1577 2443 1631 2493 egr
1649 2427 1724 2470 illa

129 2504 371 2559 concludat,
403 2505 544 2562 sitque
574 2520 717 2548 rerum
747 2504 1084 2561 expetendarum
1113 2503 1311 2547 ultimum
1333 2510 1464 2560 atque
1484 2509 1724 2547 extremum

130 2579 244 2625 salus
275 2585 462 2634 aeterna,
492 2580 613 2623 cuius
644 2595 772 2623 causa
802 2579 939 2622 virtus
969 2579 1119 2633 omnis,
1150 2585 1378 2635 ceteraque
1408 2577 1562 2632 omnia,
1593 2578 1724 2634 atque

121 2656 238 2698 ,adeo
266 2653 438 2710 justitia
468 2654 697 2710 expetitur.
755 2654 901 2697 Deum
932 2667 1099 2710 semper
1129 2653 1309 2710 excipio,
1342 2652 1463 2696 cuius
1492 2639 1628 2710 gloria
1657 2659 1724 2694 est

129 2735 254 2774 tanto
274 2727 411 2785 magis
431 2729 682 2784 expetenda,
713 2734 875 2784 quanto
904 2727 996 2784 ipse
1027 2734 1093 2771 est
1121 2727 1257 2782 nobis,
1287 2727 1501 2784 rebusque
1527 2726 1724 2770 omnibus

129 2802 285 2848 creatis
304 2801 481 2845 ulterior
508 2800 606 2845 finis
635 2817 685 2845 ac
713 2801 1020 2858 praestabilior.
1079 2801 1168 2846 Hic
1187 2801 1430 2845 meminisse
1458 2816 1610 2858 operae
1630 2815 1726 2856 pre-
1791 2833 1796 2840 .

131 2878 241 2923 tium
262 2882 329 2920 est
349 2875 614 2919 differentiae
633 2874 746 2919 illius
766 2890 894 2931 quam
918 2882 1078 2919 tractat
1106 2875 1343 2933 Apostolus
1363 2878 1388 2918 2
1412 2874 1512 2918 Cor.
1531 2873 1591 2917 iii.
1611 2873 1726 2918 inter
