1887 3188
740 207 842 236 CAP.
865 208 895 236 1.
919 198 1063 239 24-32.
1614 199 1697 240 421

107 302 329 365 acceptum
351 303 445 360 fuit,
477 315 526 349 ut
556 303 672 350 nullo
693 308 819 349 modo
848 310 1134 363 propenderet
1164 309 1208 350 in
1240 309 1324 352 Dei
1345 311 1606 366 agnitionem
1628 327 1701 354 vo-

107 383 262 424 luntas.
308 383 413 424 Ideo
434 381 611 424 tradidit
633 381 753 436 quasi
774 381 818 422 in
834 397 983 424 manus
1000 389 1224 438 corruptae
1240 383 1487 437 voluntatis,
1505 392 1549 427 et
1565 385 1701 428 omnis

109 457 200 499 sani
226 456 379 511 judicii
409 462 453 498 et
483 456 619 498 bonae
650 456 869 498 electionis
900 456 1111 512 expertis3
1143 457 1257 499 unde
1287 465 1508 500 manarent
1529 474 1554 500 a
1580 459 1702 501 malis

108 530 311 573 vitiorum
345 530 561 572 habitibus
598 530 740 572 omnia
770 531 976 574 scelerum
1008 538 1051 573 et
1086 531 1345 587 flagitiorum
1381 547 1552 588 genera,
1593 549 1702 588 quae

106 611 232 648 vocat
252 595 311 643 τοὶ
327 596 386 660 μὴ
402 598 656 653 καθήκοντα,
679 605 868 662 generali
897 605 1068 648 nomine
1088 596 1210 644 κατὰ
1234 597 1410 661 μὲιωσιν,
1435 607 1556 662 quasi
1585 608 1701 650 dicas

109 694 195 722 non
220 687 506 722 consentanea
527 681 676 734 officio,
699 681 726 722 i.
745 696 780 723 e.
802 681 855 722 ab
878 680 1015 722 officio
1047 680 1334 736 discrepantia
1354 689 1399 723 et
1419 682 1704 738 repugnantia

110 753 307 797 maxime.
355 754 550 798 Observa
567 755 665 797 mali
685 756 845 798 fontem
868 751 952 794 νοῦν
977 746 1190 810 ἀδόκιμον,
1211 755 1240 798 i.
1255 771 1290 798 e.
1306 756 1426 811 justo
1442 756 1526 798 Dei
1541 756 1706 811 judicio

111 835 353 884 corruptam
376 830 655 883 voluntatem,
686 830 731 871 in
762 830 984 872 voluntate
1005 829 1181 872 vitiosos
1206 830 1260 872 ad
1281 845 1493 872 summum
1520 830 1705 884 habitus,

48 905 77 929 *²
113 916 219 957 quos
250 902 462 958 significat
492 904 557 945 his
583 903 736 957 verbis,
758 896 1095 960 πεπληρωμένους
1111 897 1228 960 πάσῃ
1245 895 1406 959 ἁδικῖορ,
1429 896 1609 960 μεστοῦς
1624 918 1635 952 3
1662 912 1706 948 et

113 976 355 1019 nominibus
376 977 567 1020 habitum
591 978 941 1035 significantibus,
964 970 1201 1035 ψιθυξιςοὶς,
1228 980 1310 1021 ὥσ.
1365 979 1536 1021 Deinde
1557 994 1709 1035 pravas

115 1051 303 1093 actiones
325 1052 378 1093 ab
399 1052 500 1108 ipsis
521 1053 737 1095 habitibus
760 1055 1037 1107 exundantes,
1060 1049 1184 1092 ποιᾶν
1208 1044 1266 1093 τοὶ
1289 1045 1349 1110 μὴ
1373 1047 1629 1101 καθήκοντα.

172 1125 363 1183 Egregia
383 1142 431 1169 ac
451 1127 669 1170 luculenta
688 1128 856 1184 pictura
876 1128 1058 1171 hominis
1089 1144 1175 1171 non
1199 1128 1395 1185 regeniti‚
1419 1135 1462 1171 et
1483 1128 1631 1171 concio
1651 1128 1711 1171 le-

115 1200 223 1257 galis
249 1201 476 1257 subjiciens
507 1202 640 1245 oculis
670 1202 932 1258 praeclarum
963 1203 1125 1246 scilicet
1154 1203 1276 1245 liberi
1307 1202 1455 1245 arbitri
1485 1203 1529 1244 in
1559 1210 1713 1246 natura

116 1275 302 1317 humana
321 1283 419 1332 post
438 1276 605 1332 lapsum
625 1276 777 1332 reliqui
808 1276 1069 1319 facultatem.
1129 1277 1410 1320 Enumeratio
1433 1279 1487 1320 23
1509 1277 1712 1320 vitiorum

117 1349 360 1392 nominibus
390 1357 571 1404 constat,
603 1366 784 1406 quorum
815 1352 1024 1406 quaedam
1048 1351 1275 1408 generalia,
1297 1358 1346 1394 ut
1367 1343 1529 1400 ἀδικῖα,
1554 1344 1709 1401 nanim,

117 1426 326 1480 quaedam
358 1426 556 1482 specialia
585 1426 733 1483 magis,
766 1434 814 1469 ut
844 1417 1011 1482 πονηξῖα
1041 1434 1191 1470 contra
1221 1434 1391 1470 sextum
1421 1435 1712 1484 praeceptum,

118 1492 280 1555 πορνεία
323 1508 472 1543 contra
516 1502 746 1556 septimum
786 1502 991 1558 decalogi,
1032 1502 1258 1558 pleonexia
1296 1509 1446 1545 contra
1488 1509 1712 1553 octavum3

119 1566 271 1625 φθόνος,
287 1567 416 1628 φόνος,
432 1567 520 1632 ἕξις,
538 1567 668 1623 δόλος,
683 1569 908 1622 κακοῆθεια
924 1583 1073 1618 contra
1085 1583 1274 1626 sextum3
1297 1569 1557 1633 ψιθυρισται,
1572 1569 1715 1616 κοιτά-

119 1650 246 1690 λαλοι
260 1658 408 1694 contra
419 1667 579 1693 nonum
593 1667 603 1701 3
624 1642 880 1702 Θεοστὺγεις
896 1657 1045 1693 contra
1058 1650 1241 1706 primum
1254 1651 1420 1706 prioris,
1435 1651 1471 1693 si
1485 1650 1637 1704 minus,
1651 1657 1718 1693 to-

122 1730 210 1765 tam
231 1725 381 1780 prioris
404 1725 610 1776 tabulam3
633 1716 846 1781 ὑβρισταὶ,
863 1725 1158 1767 contumeliosi
1173 1725 1218 1766 in
1234 1725 1390 1778 Deum,
1409 1731 1453 1767 et
1465 1724 1658 1780 injuriosi
1671 1723 1716 1766 in

122 1798 338 1850 homines3
371 1791 630 1856 ὑπεξὴφανοι,
657 1792 868 1854 ἀλάζονες,
893 1799 1091 1856 superbia
1111 1806 1155 1842 et
1170 1799 1380 1855 jactantia
1400 1799 1497 1841 Deo
1519 1807 1563 1841 et
1582 1798 1720 1841 homi-

123 1873 250 1916 nibus
266 1873 405 1928 invisi,
426 1875 595 1925 infesti3
617 1867 827 1931 ἑφευςὲται
849 1871 1004 1922 κακῶν,
1025 1875 1232 1918 scelerum
1252 1889 1459 1917 novorum
1474 1874 1720 1917 inventores

125 1955 316 1991 monstra
344 1949 563 1991 hominum
580 1965 591 2000 3
628 1946 806 2003 γονεῦσιν
840 1941 1035 1998 oia-§1055
1067 1949 1316 2006 parentibus
1355 1949 1533 1992 rebelles
1573 1954 1723 1992 contra

128 2024 327 2080 quintum
357 2024 620 2066 mandatum.
681 2024 932 2080 Sequuntur
951 2024 1140 2080 quinque
1165 2024 1403 2080 composita
1431 2023 1606 2066 nomina
1625 2038 1724 2066 cum

128 2114 155 2141 a
172 2098 370 2155 privandi
396 2098 618 2154 particula,
639 2105 690 2141 ut
711 2105 755 2141 et
776 2098 970 2155 superius
999 2099 1253 2155 proximum,
1275 2114 1384 2154 quae
1405 2098 1467 2141 ita
1486 2098 1724 2141 absentiam

127 2172 270 2215 innuit
285 2180 330 2215 et
346 2173 605 2215 vacuitatem
624 2172 849 2215 laudabilis
864 2173 1083 2228 qualitatis
1099 2188 1148 2216 ac
1168 2173 1305 2216 bonae
1325 2172 1575 2227 affectionis,
1597 2187 1727 2228 quam

130 2247 265 2291 altera
292 2263 390 2304 pars
411 2247 729 2303 compositionis
760 2247 973 2304 significat
993 2254 1043 2289 ut
1063 2263 1118 2291 ne
1138 2247 1274 2303 pilum
1305 2247 1478 2303 quidem
1507 2246 1611 2289 boni
1631 2246 1726 2300 viri,

132 2329 208 2364 aut
227 2329 397 2379 guttam
416 2321 696 2364 humanitatis
716 2322 925 2377 reliquam
946 2337 1037 2364 esse
1058 2322 1349 2371 demonstret3
1376 2327 1419 2364 et
1440 2320 1594 2364 crescit
1613 2320 1730 2362 miri-

132 2397 212 2440 fice
228 2396 273 2438 in
287 2397 541 2440 immensum
557 2396 706 2451 oratio,
723 2403 772 2438 ut
788 2403 930 2452 pestes
945 2395 1122 2437 humani
1136 2395 1304 2452 generis
1321 2394 1512 2452 depictas
1527 2394 1731 2452 graphice

136 2471 190 2514 ab
214 2471 424 2527 Apostolo
445 2478 490 2514 et
520 2471 734 2526 subjectas
765 2470 898 2513 oculis
927 2469 972 2512 in
1002 2469 1194 2513 oratione
1214 2469 1398 2512 Paulina
1417 2469 1578 2523 videas,
1609 2469 1732 2526 quasi

137 2545 267 2598 dicas,
289 2545 447 2588 alienos
477 2545 531 2587 ab
561 2545 678 2589 omni
708 2560 810 2588 sana
839 2544 1125 2601 intelligentia
1153 2544 1245 2587 veri
1275 2551 1350 2587 aut
1381 2544 1494 2598 boni,
1526 2544 1685 2587 alienos
1706 2558 1733 2587 a

137 2619 275 2678 pactis
291 2619 526 2674 conventis,
543 2627 587 2662 et
603 2619 824 2663 foederum
841 2619 1146 2662 servandorum
1162 2618 1368 2676 religione
1384 2626 1428 2662 et
1442 2618 1553 2668 fide3
1574 2633 1734 2661 vacuos

107 2683 112 2688 ⁵
141 2695 319 2737 affectus
339 2693 544 2736 naturalis
573 2694 619 2736 in
646 2690 802 2737 liberos
832 2700 908 2736 aut
937 2699 1150 2750 parentes,
1171 2692 1246 2748 qui
1275 2692 1466 2736 omnium
1486 2691 1732 2735 animalium

141 2767 377 2813 communis
398 2773 491 2818 est3
521 2767 808 2824 implacabiles
839 2774 883 2811 et
912 2767 1295 2821 irreconciliabiles,
1316 2765 1669 2809 immisericordes
1690 2771 1735 2809 et

143 2842 422 2887 truculentos.
469 2839 638 2895 Quibus
654 2843 710 2886 23
723 2841 928 2886 scelerum
941 2841 1142 2885 monstris
1158 2841 1306 2898 adjicit
1322 2857 1363 2884 v.
1379 2840 1457 2884 ult.
1473 2840 1579 2885 haec
1595 2839 1738 2886 omnia
