1887 3188
698 217 799 246 CAP.
822 218 865 245 x.
890 208 1005 247 8-17.
1575 207 1658 248 483

65 332 191 376 docet-
211 335 339 378 fidem
360 335 593 378 fabricandi
614 336 655 376 in
678 336 813 388 nobis,
829 336 958 377 fidem
976 351 1074 378 vero
1097 337 1426 378 instrumentum
1442 337 1656 391 justitiam

64 407 108 449 in
131 407 305 451 Christo
325 409 684 465 apprehendendi,
708 408 929 451 Christum
952 425 1042 451 csse
1065 411 1244 452 salutem
1267 418 1310 452 et
1326 411 1539 465 justitiam
1561 428 1657 453 nos-

62 488 187 536 tram,
212 482 395 526 officium
427 498 528 525 vero
555 490 747 525 nostrum
779 484 964 536 credere,
992 490 1035 525 et
1062 483 1251 538 profiteri
1279 484 1369 525 vita
1398 492 1440 526 et
1468 485 1655 527 moribus

61 555 206 598 Iesum
227 572 318 599 esse
342 557 590 610 Dominum,
611 564 662 599 ut
690 557 763 612 qui
783 564 976 600 mortuus
997 558 1228 600 resurrexit
1249 558 1302 598 ad
1324 573 1502 614 regnum
1531 575 1655 601 suum

60 629 308 672 ineundum.
358 631 507 686 Atque
538 631 644 674 haec
665 641 730 674 est
751 647 916 674 summa
941 632 1159 674 doctrinae
1180 632 1467 688 Evangelicae
1498 649 1656 688 paucu-

59 703 112 746 lis
133 705 247 760 apud
262 705 417 748 Mosen
433 706 574 748 verbis
591 706 895 762 comprehensa
911 713 954 749 et
970 706 1220 762 Apostolica
1237 706 1519 761 explicatione
1540 707 1657 749 illus-

60 785 186 822 trata.
246 779 370 822 Haec
390 780 490 822 fidei
509 781 680 835 justitia
699 781 963 838 Evangelica
983 788 1048 823 est
1070 781 1257 823 omnium
1279 781 1542 822 credentium
1566 788 1655 823 tam

62 852 270 896 Gentium
292 870 419 909 quam
440 855 473 897 J
477 856 734 905 udaeorum;
766 862 816 897 ut
843 855 1039 911 repetito,
1062 871 1114 898 ex
1135 855 1220 896 fine
1249 871 1339 911 sup.
1362 871 1467 910 cap„
1499 856 1654 898 Esaiae

58 927 318 981 testimonio,
352 935 396 970 et
428 929 561 971 altero
581 929 720 971 Joelis
750 944 863 971 nunc
895 929 1078 985 primum
1108 930 1294 971 adducto
1324 929 1559 982 confirmat,
1591 929 1671 970 in-'

58 1002 266 1057 terposita
294 1003 458 1045 ratione
490 1010 660 1059 sumpta
689 1003 970 1059 amplitudine
1005 1003 1244 1059 potestatis,
1267 1010 1311 1045 et
1335 1003 1652 1046 munificentiae

60 1074 223 1118 Christi
244 1076 420 1118 Domini
447 1077 492 1118 in
513 1093 672 1131 omnes,
695 1085 739 1120 et
761 1077 912 1120 effecto
933 1077 1046 1130 fidei,
1075 1077 1357 1130 invocatione,
1381 1093 1489 1132 quae
1512 1085 1653 1119 totum

57 1149 144 1192 Dei
174 1150 337 1192 cultum
367 1152 678 1207 complectitur,
701 1168 741 1194 v.
767 1154 832 1205 11,
858 1153 926 1202 12,
952 1154 1019 1194 13.
1079 1152 1150 1193 Ex
1181 1167 1265 1207 quo
1294 1152 1519 1208 intelligas,
1548 1152 1653 1194 fide-

56 1223 162 1266 lium
183 1239 236 1266 ex
258 1224 473 1268 Gentibus
498 1226 765 1268 vocationem
794 1226 854 1268 sic
882 1225 1133 1278 confirmari,
1161 1233 1210 1267 ut
1230 1225 1496 1268 ,Iudaeorum
1522 1226 1653 1281 rejec-

56 1298 186 1341 tionis
207 1299 332 1355 culpa
352 1300 488 1342 omnis
508 1300 554 1342 in
573 1300 676 1356 ipsis
696 1301 881 1343 resideat
902 1316 956 1343 ex
977 1315 1122 1342 eorum
1143 1300 1420 1350 infidelitate3
1449 1300 1503 1341 ad
1525 1315 1652 1355 quam

55 1373 391 1416 convincendam
430 1374 560 1417 infert
601 1374 785 1428 Soriten,
828 1374 917 1417 sive
949 1374 1256 1430 gradationem,
1294 1375 1561 1416 ascendendo
1598 1374 1651 1416 ab

54 1447 218 1491 effectis
246 1448 301 1490 ad
329 1463 512 1502 causam,
540 1449 621 1491 hoc
643 1449 782 1502 modo,
804 1448 877 1490 ubi
898 1448 1112 1503 invocatio
1133 1448 1231 1500 Dei,
1254 1448 1313 1489 ibi
1339 1456 1404 1490 est
1424 1448 1549 1498 fides3
1576 1448 1651 1490 ubi

54 1529 121 1566 est
139 1522 258 1576 fides,
279 1522 340 1565 ibi
370 1522 533 1565 auditio
562 1523 816 1579 Evangelii3
847 1523 922 1564 ubi
942 1523 1116 1564 auditur
1135 1522 1364 1578 Evangelii
1394 1522 1453 1564 ibi
1484 1523 1650 1578 praedi-

51 1596 265 1640 cationem
285 1597 475 1652 ejusdem
496 1612 588 1639 esse
608 1612 781 1639 necesse
802 1604 893 1646 est3
923 1596 998 1638 ubi
1018 1596 1247 1652 Evangelii
1276 1597 1558 1652 praedicatam
1589 1596 1650 1639 ibi

53 1685 145 1714 esse
175 1677 358 1726 oportet,
387 1671 462 1726 qui
491 1670 697 1712 divinitus
728 1670 845 1712 missi
874 1671 954 1712 hoc
985 1685 1139 1712 munus
1167 1669 1336 1723 obeant,
1359 1670 1474 1725 quod
1494 1670 1649 1712 Esaiae

52 1744 298 1788 testimonio
319 1744 617 1787 confirmatur:
651 1747 676 1769 ‘⁴
700 1743 843 1797 Quam
863 1744 1043 1800 speciosi
1070 1745 1201 1800 pedes
1230 1744 1646 1801 Evangelizantium,

54 1819 175 1872 etc-{⁹
203 1833 296 1874 cap.
316 1818 390 1872 lii„
410 1818 486 1860 ubi
514 1818 672 1875 gradus
702 1818 748 1860 hi
778 1833 924 1861 omnes
952 1818 1173 1861 enucleate
1203 1818 1482 1874 explicantur.
1541 1819 1647 1862 Ideo

52 1892 209 1949 Apost.
229 1893 296 1935 his
316 1893 462 1949 paucis
477 1893 618 1935 verbis
634 1892 831 1935 adductis
847 1892 1030 1949 digitum
1047 1893 1169 1948 quasi
1188 1893 1242 1934 ad
1263 1892 1426 1935 fontem
1446 1892 1646 1946 intendit,

53 1968 169 2011 unde
198 1967 367 2010 haurias
387 1967 529 2021 velim,
560 1982 669 2022 quae
691 1966 846 2010 deinde
876 1967 993 2009 sitim
1020 1966 1277 2023 extinguant
1307 1973 1440 2009 tuam.
1500 1966 1646 2010 Facile

52 2041 227 2099 colligas
243 2057 297 2084 ex
311 2041 391 2084 hac
406 2041 656 2099 gradatione
674 2041 884 2085 Gentium
903 2040 1185 2095 vocationem,
1207 2056 1335 2096 quam
1356 2041 1436 2084 tibi
1456 2041 1647 2098 cogitan-

53 2117 155 2159 dam
182 2116 386 2172 relinquit
405 2116 560 2172 Apost.
590 2131 670 2159 nec
699 2116 840 2158 minus
859 2115 894 2159 J
894 2115 1126 2158 udaeorum
1156 2115 1423 2158 credentium
1452 2115 1646 2158 salutem.

53 2190 218 2235 Verum
239 2191 340 2246 quia
358 2190 627 2246 potissimum
646 2189 717 2234 hic
737 2190 912 2247 stringit
931 2189 1066 2233 aciem
1091 2190 1194 2246 styli
1212 2189 1258 2231 in
1278 2189 1312 2232 J
1314 2190 1485 2243 udaeos,
1507 2189 1647 2244 quivis

53 2265 154 2308 hinc
168 2265 315 2310 videat
330 2265 400 2308 vel
414 2265 551 2321 prima
565 2264 705 2307 fronte
721 2279 880 2318 eorum,
896 2270 948 2307 ut
963 2264 1037 2320 qui
1052 2270 1332 2320 aspernentur
1346 2262 1646 2319 Evangelium,

51 2339 326 2395 rejectionem
339 2355 350 2390 3
368 2339 469 2395 quia
482 2339 584 2382 licet
598 2338 891 2395 praedicatum
905 2338 988 2382 fuit
1000 2337 1103 2394 ipsis
1118 2352 1196 2394 per
1211 2337 1432 2381 Christum
1448 2343 1493 2381 et
1506 2336 1648 2394 Apos-

52 2413 164 2456 tolos
181 2413 482 2470 Evangelium,
503 2412 743 2469 Evangelio
772 2419 918 2456 tamen
946 2427 1034 2455 non
1058 2411 1366 2465 auscultarunt,
1388 2411 1505 2467 quod
1523 2417 1646 2454 tanto

55 2493 156 2530 ante
178 2487 445 2543 praedictum
464 2502 541 2544 per
560 2487 747 2541 Esaiam,
768 2501 860 2543 cap.
881 2486 970 2541 liii„
991 2486 1036 2528 in
1056 2501 1236 2542 persona
1258 2484 1422 2529 Christi
1443 2491 1487 2528 et
1506 2485 1648 2542 Apos-

51 2560 237 2604 tolorum
258 2561 312 2603 de
331 2560 366 2603 J
366 2561 598 2604 udaeorum
627 2560 928 2604 incredulitate
959 2566 1002 2603 et
1032 2559 1312 2614 contumacia,
1343 2559 1646 2602 admirantium

53 2629 275 2678 brachium
306 2633 406 2688 Dei,
435 2634 464 2676 i.
481 2649 532 2689 e.,
563 2634 864 2692 Evangffium,
894 2640 984 2677 tam
1012 2633 1160 2690 paucis
1193 2633 1444 2676 innotuisse.
1515 2633 1646 2676 Unde

53 2709 230 2766 colligit,
262 2724 305 2751 v.
337 2709 405 2762 17,
434 2707 563 2751 fidem
594 2724 648 2752 ex
679 2709 914 2762 auditione,
944 2708 1209 2763 auditionem
1242 2723 1296 2751 ex
1330 2707 1646 2764 praedicatione

54 2782 283 2840 Evangelii
298 2781 465 2836 exoriri,
481 2788 532 2824 ut
547 2789 715 2826 constet
731 2783 908 2826 verbum
928 2783 1046 2837 illud,
1064 2783 1123 2848 'de
1143 2797 1228 2838 quo
1244 2781 1390 2825 Moses
1411 2781 1533 2834 dixit,
1549 2795 1646 2837 pro-

51 2857 261 2914 pinquum
279 2855 313 2899 J
315 2855 461 2899 udaeis
490 2870 584 2900 esse
605 2856 786 2900 verbum
809 2856 924 2910 fidei,
952 2857 1067 2912 quod
1091 2855 1385 2912 praedicamus
1414 2855 1484 2910 (ut
1503 2854 1644 2910 inquit

782 2933 807 2972 2
840 2943 876 2972 H
897 2933 921 2972 2
