1887 3188
742 222 843 250 car.
867 223 929 250 vl.
956 213 1040 252 1-6.
1603 212 1686 253 455

86 341 227 398 gimus
249 344 302 384 ad
327 344 444 397 juste
466 348 696 396 sancteque
719 341 962 393 vivendum,
987 349 1147 382 tessera
1168 348 1233 382 est
1256 341 1503 396 baptismus,
1527 342 1684 398 quippe

87 416 328 471 symbolum
355 423 524 458 nostrae
554 415 901 471 regenerationis,
924 416 1045 469 cujus
1076 416 1185 456 duae
1217 422 1318 457 sunt
1348 423 1504 471 partes,
1527 417 1683 459 veteris

86 490 269 532 hominis
299 490 584 543 mortificatio,
622 505 751 544 quam
781 489 850 532 hic
881 496 1062 531 mortem
1096 496 1139 531 et
1175 489 1437 544 sepulturam
1468 498 1606 544 vocat,
1641 498 1684 533 et

84 564 186 606 novi
205 564 388 607 hominis
408 564 675 618 resurrectio,
699 580 826 620 quam
847 564 1034 606 illustrat
1064 563 1342 606 similitudine
1363 565 1683 607 resurrectionis

88 637 263 692 Christi,
286 655 412 694 quem
435 640 540 682 dicit
560 640 838 682 resurrexisse
861 631 930 678 διὰ
954 635 1027 685 τῆς
1051 631 1166 686 δόξης
1189 635 1266 677 τοῦ
1289 629 1461 694 vom-539,
1486 640 1540 680 ad
1566 639 1683 681 verb.

83 729 160 769 per
194 714 372 770 gloriam
406 715 552 770 patris,
589 715 616 756 i.
650 730 685 757 e.
721 730 798 771 per
831 714 1036 758 virtutem
1073 721 1117 757 et
1151 714 1389 770 potentiam
1424 714 1570 769 patris,
1609 720 1684 768 qui

84 802 204 829 suam
225 788 403 844 gloriam
431 789 591 830 mundo
623 788 839 844 patefecit,
871 788 1031 844 Ephes.
1054 788 1082 829 i.
1107 790 1173 831 19.
1236 779 1294 826 T)
1330 779 1379 826 τὸ
1416 779 1680 845 ὑπερβάλλον

82 853 255 915 μέγεθος
278 854 351 908 τῆς
374 855 581 918 δυνάμεως
605 856 754 911 avemo,
778 863 806 904 i.
829 878 864 905 e.
888 870 932 905 et
958 878 1068 917 quae
1098 862 1154 905 sit
1185 862 1397 904 excellens
1427 863 1499 904 illa
1520 863 1684 919 magni-

83 937 189 978 tudo
209 937 428 992 potentiae
449 938 580 993 ipsius
609 938 653 979 in
674 938 796 980 nobis
818 938 890 993 qui
912 937 1124 980 credimus
1144 952 1221 993 pro
1247 937 1498 980 efficacitate
1519 938 1682 981 roboris

83 1010 229 1066 ipsius,
252 1027 380 1067 quam
402 1012 630 1055 efficaciter
651 1013 817 1055 exeruit
837 1013 881 1054 in
905 1012 1078 1055 Christo
1105 1012 1292 1054 excitato
1324 1027 1374 1054 eo
1406 1028 1458 1054 ex
1488 1013 1680 1066 mortuis,

83 1092 165 1128 etc.
195 1093 246 1128 ut
276 1087 564 1143 intelligamus
595 1088 774 1129 eandem
804 1087 890 1129 Dei
920 1087 1124 1129 virtutem
1159 1087 1345 1129 excitare
1376 1102 1452 1129 nos
1483 1087 1537 1128 ad
1567 1087 1682 1129 vitae

83 1175 220 1202 novae
243 1161 445 1215 studium,
468 1177 577 1217 quae
600 1161 820 1205 Christum
842 1178 867 1203 a
887 1162 1065 1204 mortuis
1088 1161 1307 1204 excitavit.
1368 1161 1501 1203 Haud
1523 1161 1610 1204 scio
1627 1177 1678 1203 an

84 1235 168 1278 huc
194 1243 372 1292 spectet,
405 1237 518 1292 quod
550 1237 675 1279 Rom.
707 1237 796 1279 viii.
830 1238 896 1291 11,
931 1236 979 1279 Si
1010 1236 1195 1292 Spiritus
1227 1237 1330 1291 ejus,
1367 1236 1441 1292 qui
1477 1236 1683 1278 excitavit

84 1310 306 1353 Christum
327 1327 380 1354 ex
400 1312 592 1366 mortuis,
613 1312 781 1354 habitat
801 1312 846 1353 in
867 1311 1000 1365 vobis,
1018 1311 1053 1353 is
1075 1311 1149 1366 qui
1166 1311 1372 1353 excitavit
1390 1310 1611 1354 Christum
1628 1326 1682 1353 ex

82 1386 274 1439 mortuis,
291 1386 525 1429 vivificabit
545 1387 741 1429 mortalia
761 1393 904 1429 vestra
924 1401 1100 1441 corpora
1120 1401 1196 1440 per
1215 1385 1529 1427 inhabitantem
1549 1385 1682 1441 ipsius

84 1460 292 1516 Spiritum
328 1461 373 1502 in
402 1461 537 1503 vobis,
611 1461 700 1504 Hic
734 1463 759 1486 ‘4
780 1460 1015 1503 vivificabit
1047 1460 1244 1502 mortalia
1274 1461 1472 1516 corpora''
1510 1460 1683 1503 videtur

81 1535 272 1592 posuisse
292 1551 368 1592 pro
389 1536 698 1578 resurrectione
719 1536 820 1578 novi
840 1535 1037 1588 hominis,
1060 1534 1149 1576 sive
1172 1534 1314 1577 studio
1329 1535 1525 1589 justitiae
1541 1534 1586 1576 in
1607 1550 1683 1577 no-

83 1609 149 1652 bis
171 1611 410 1664 excitando,
433 1612 509 1653 sed
530 1612 582 1653 de
603 1611 684 1653 hoc
706 1617 855 1667 postea
871 1626 947 1653 suo
967 1610 1074 1653 loco.
1133 1610 1248 1652 Vide
1264 1624 1368 1650 num
1390 1600 1460 1648 διὰ
1478 1601 1591 1657 δόξης
1606 1606 1684 1649 τοῦ

83 1676 242 1741 πᾶτξὸς
264 1685 476 1742 significet
496 1685 673 1728 formam
696 1693 740 1728 et
759 1686 934 1728 modum
950 1684 1271 1728 resurrectionis
1286 1683 1462 1738 Christi,
1480 1684 1566 1740 qui,
1581 1691 1683 1727 ante

81 1761 127 1802 in
139 1768 277 1803 morte
289 1759 607 1816 ignominiosus,
622 1760 853 1802 resurrexit
866 1776 891 1802 a
903 1767 1040 1802 morte
1053 1759 1314 1817 glorificatus
1328 1775 1378 1802 ea
1390 1759 1537 1815 gloria,
1552 1775 1682 1815 quam

83 1851 108 1878 a
123 1835 253 1877 Patre
269 1834 447 1890 accepit.
492 1833 726 1876 Ambulare
743 1841 886 1877 autem
901 1834 946 1876 in
963 1835 1077 1877 vitae
1093 1834 1286 1877 novitate
1303 1841 1366 1877 est
1383 1834 1518 1876 vitam
1535 1841 1682 1878 sancte

77 1910 282 1965 justeque
302 1909 526 1952 instituere
548 1916 592 1952 et
613 1909 863 1965 transigere.
925 1909 1130 1965 Sequitur
1149 1909 1345 1965 probatio
1361 1908 1682 1952 resurrectionis

85 1990 257 2027 nostrae
289 1984 344 2026 ad
375 1999 530 2027 novam
566 1984 713 2038 vitam,
734 1999 773 2027 v.
809 1986 848 2038 5,
870 1999 895 2026 a
924 1983 1221 2027 communione
1255 1984 1405 2027 mortis
1434 1983 1598 2027 Christi
1627 1983 1684 2026 ad

85 2059 426 2102 communionem
447 2058 768 2101 resurrectionis
788 2058 869 2101 hoc
889 2059 1042 2101 modo:
1075 2058 1123 2102 Si
1142 2058 1372 2115 participes
1402 2058 1507 2101 facti
1537 2073 1682 2101 sumus

83 2134 233 2176 mortis
270 2133 435 2177 Christi
468 2134 524 2175 ad
557 2133 825 2176 moriendum
859 2139 1050 2189 peccato,
1086 2139 1136 2175 ut
1177 2132 1376 2190 obsignat
1415 2133 1682 2189 baptismus:

66 2215 201 2252 -certe
232 2208 462 2265 participes
492 2207 596 2251 facti
626 2223 771 2250 sumus
805 2207 1128 2251 resurrectionis
1165 2207 1329 2251 Christi
1360 2207 1416 2250 ad
1450 2207 1684 2251 vivendum

77 2283 286 2341 justitiae,
318 2283 439 2339 cujus
470 2282 711 2339 symbolum
740 2282 847 2325 item
877 2288 942 2324 est
971 2281 1236 2338 baptismus:
1269 2281 1356 2325 Sed
1386 2281 1503 2338 prius
1534 2297 1684 2324 verum

68 2365 163 2413 est,
183 2365 234 2401 ut
264 2358 411 2401 docuit
441 2373 582 2414 supra,
603 2373 646 2400 v.
668 2359 694 2400 3
714 2356 781 2399 his
801 2356 956 2410 verbis,
987 2356 1042 2398 In
1071 2355 1235 2400 Christi
1263 2362 1446 2398 mortem
1477 2355 1686 2412 baptizati

71 2446 244 2475 sumus.
302 2431 422 2489 Ergo
453 2438 497 2475 et
526 2431 752 2488 posterius.
813 2422 1041 2486 Σὺμφυτοι
1064 2421 1326 2486 γεγόναμεν.]
1389 2429 1438 2474 Si
1467 2429 1684 2486 complan—

84 2506 169 2550 tati
197 2521 295 2549 cum
330 2521 381 2549 eo
414 2506 585 2549 fuimus.
644 2506 833 2563 Elegans
865 2505 1088 2549 translatio
1118 2506 1172 2548 ab
1203 2504 1424 2548 arboribus
1455 2504 1501 2546 in
1534 2503 1683 2548 eadem

85 2581 199 2624 fossa
218 2586 293 2622 aut
313 2580 460 2623 scrobe
478 2580 683 2637 plantatis
705 2587 749 2624 et
769 2579 1119 2634 coalescentibus,
1139 2580 1210 2623 vel
1229 2595 1327 2623 cum
1341 2578 1468 2622 multi
1488 2594 1543 2622 ex
1555 2579 1684 2622 unius

83 2654 244 2698 radicie
265 2654 423 2697 surculi
437 2654 560 2702 ,insiti
579 2671 656 2712 per
685 2654 1090 2712 emplastrationem,
1120 2661 1197 2698 aut
1225 2653 1558 2698 inoculationem
1590 2667 1686 2696 suc-

86 2744 185 2773 cum
203 2728 380 2772 vitalem
391 2728 590 2772 trahunt.
651 2729 987 2775 Similitudinem
1006 2729 1170 2784 mortis,
1192 2736 1237 2773 et
1267 2729 1589 2773 similitudinem
1618 2743 1685 2771 re-

86 2802 359 2846 surrectionis
381 2801 544 2846 Christi
562 2811 690 2848 vocat
708 2804 1050 2848 communionem
1078 2819 1177 2848 cum
1198 2803 1372 2848 Christo
1392 2804 1438 2846 in
1456 2810 1607 2858 morte,
1638 2809 1684 2846 et

85 2877 407 2932 resurrectione,
429 2893 514 2934 qua
533 2877 598 2922 vis
618 2894 645 2922 a
663 2886 801 2923 morte
821 2886 867 2923 et
895 2879 1204 2923 resurrectione
1236 2878 1400 2923 Christi
1433 2877 1479 2921 in
1509 2892 1588 2921 nos
1620 2876 1684 2919 di-
