1887 3188
167 200 252 242 430
773 210 1156 251 COMMENTARms,

171 331 287 373 daeis
309 331 552 374 concredita
571 331 700 374 fuisse
721 331 866 374 divina
895 332 1063 374 oracula
1090 330 1243 386 quibus
1264 328 1549 371 crediderunt.
1608 327 1757 382 Atque

170 405 275 448 haec
297 412 361 448 est
382 406 542 448 Judaei
561 406 857 462 praerogativa
878 420 930 448 ex
951 413 1071 461 parte
1093 405 1189 458 Dei,
1213 411 1256 446 et
1276 404 1426 460 gratia,
1448 418 1532 444 non
1549 417 1603 445 ex
1623 401 1760 457 operi-

168 479 247 522 bus
269 487 342 522 aut
364 487 527 521 natura.
587 480 739 522 Altera
760 480 981 535 occupatio
1000 478 1190 531 z———Quid
1213 478 1248 520 si
1268 477 1428 519 Judaei
1449 477 1579 532 aliqui
1599 476 1759 518 fuerint

169 554 332 610 perfidi,
359 555 527 596 deserto
548 554 731 607 foedere,
753 555 823 596 vel
851 554 1055 605 infideles,
1077 560 1126 594 ut
1148 553 1221 607 qui
1251 552 1378 593 fidem
1408 550 1756 607 promissionibus

167 629 331 685 gratiae
362 644 446 670 non
477 629 727 670 habuerint:
760 629 1021 683 Respondet,
1043 627 1209 669 illorum
1238 626 1414 682 perfidia
1434 626 1519 668 Dei
1548 626 1689 678 fidem,
1712 631 1757 667 et

168 710 435 746 constantem
458 703 501 744 in
519 703 736 744 servandis
757 702 972 758 promissis
990 701 1215 743 veritatem
1236 700 1482 742 labefactari
1501 715 1586 741 non
1607 714 1755 755 posse3

167 778 252 819 imo
274 778 373 819 licet
391 793 535 819 omnes
556 777 748 818 homines
768 777 836 831 (ut
856 782 1002 831 reapte
1024 781 1124 817 sunt
1144 780 1297 815 natura
1318 773 1412 828 sua)
1431 774 1516 815 sint
1533 774 1757 815 mendaces

170 858 213 894 et
234 851 396 907 perfidi,
420 858 565 893 tamen
585 851 791 892 illibatam
818 865 1059 891 mansuram
1082 864 1172 891 esse
1194 848 1279 890 Dei
1298 848 1427 890 fidem
1448 863 1496 889 ac
1518 847 1756 900 veritatem,

168 927 283 981 quod
304 926 485 967 Davidis
517 925 711 980 exemplo
743 933 787 966 et
815 924 960 966 divino
993 923 1238 965 testimonio
1270 938 1323 965 ex
1343 922 1416 963 Ps.
1446 921 1490 963 li.
1521 921 1756 974 confirmat,

167 1001 264 1042 “Ut
276 1000 534 1055 justificeris,
550 1001 656 1042 etc.’'
701 999 869 1051 Quibus
884 999 1023 1040 verbis
1037 997 1262 1039 veritatem
1278 1005 1320 1039 et
1328 996 1541 1052 justitiam
1556 995 1654 1049 Dei,
1668 995 1758 1037 Dae·

168 1074 278 1117 vidis
300 1074 477 1130 perfidia
508 1082 550 1116 et
580 1073 791 1128 injustitia
811 1073 855 1114 in
876 1072 1049 1128 negotio
1079 1071 1279 1124 Bersabe,
1303 1078 1346 1113 et
1367 1070 1500 1112 Uriae
1521 1070 1650 1112 caede
1671 1084 1758 1112 non

165 1150 292 1191 modo
307 1149 604 1190 labefactatam
628 1163 714 1189 non
734 1147 864 1189 fuisse
885 1148 960 1189 sed
983 1147 1111 1188 etiam
1133 1160 1397 1200 summopere
1417 1145 1685 1197 illustratam,
1707 1150 1758 1186 ut

165 1239 262 1266 cum
278 1223 422 1265 David
444 1230 592 1265 contra
612 1222 740 1264 fidem
761 1223 904 1263 datam
926 1220 1163 1276 multiplici,
1182 1235 1315 1274 eoque
1332 1219 1582 1275 gravissimo
1599 1219 1756 1261 scelere

166 1313 211 1340 se
233 1298 521 1350 obtrinxisset,
543 1297 664 1339 Deus
696 1313 749 1339 ex
778 1296 948 1338 foedere
969 1295 1132 1352 gratiae
1162 1295 1206 1335 in
1230 1294 1402 1337 Christo
1434 1300 1478 1336 et
1507 1293 1758 1349 resipiscen-

167 1372 270 1414 tiam
291 1372 464 1424 Davidi,
488 1378 530 1414 et
552 1371 721 1413 veniam
750 1378 1023 1426 peccatorum
1045 1369 1232 1411 omnium
1263 1368 1453 1421 indulsit,
1477 1374 1520 1410 et
1549 1368 1757 1424 promissa

166 1462 242 1489 sua
262 1446 403 1489 omnia
423 1446 637 1489 cumulate
665 1445 892 1501 praestit-it.
952 1444 1006 1485 In
1027 1442 1426 1485 comminationibus
1448 1442 1576 1484 etiam
1600 1442 1757 1497 judici-

165 1536 299 1574 orum,
318 1527 360 1562 et
382 1519 757 1562 comminationum
775 1518 1096 1561 executionibus
1117 1533 1202 1559 non
1223 1517 1362 1558 minus
1378 1516 1483 1558 item
1502 1516 1671 1559 fidelem
1692 1532 1751 1570 se,

165 1610 292 1650 quam
306 1596 473 1650 justum
495 1594 700 1646 exhibuit,
720 1593 809 1635 sive
824 1593 945 1634 Deus
966 1593 1079 1634 hunc
1096 1591 1221 1633 finem
1239 1591 1293 1633 ob
1310 1591 1453 1633 oculos
1474 1590 1637 1644 habuit,
1655 1606 1754 1633 cum

163 1669 377 1711 Davidem
408 1668 493 1710 labi
513 1668 782 1724 permitteret
803 1668 858 1709 ad
878 1667 1105 1709 veritatem
1126 1673 1170 1708 et
1194 1665 1407 1720 justitiam
1430 1665 1752 1707 declarandam:

163 1743 254 1786 sive
275 1743 421 1785 David
444 1743 488 1785 in
509 1743 728 1800 agnitione
750 1749 794 1784 et
814 1741 1077 1784 confessione
1099 1740 1267 1782 sceleris
1289 1740 1353 1782 sui
1374 1740 1457 1782 huc
1477 1739 1678 1795 respexit,
1700 1740 1756 1782 ad

162 1818 341 1875 gloriam
361 1818 456 1861 Deo
478 1833 531 1860 ex
551 1833 628 1860 sua
647 1816 880 1873 ignominia
899 1815 1198 1872 praebendam.
1259 1814 1375 1856 Hinc
1395 1814 1585 1856 nascitur
1604 1829 1690 1855 una
1709 1819 1754 1856 et

162 1893 267 1936 item
289 1893 421 1935 altera
441 1892 625 1948 objectio
647 1892 700 1934 de
724 1891 896 1946 justitia
923 1897 967 1932 et
988 1890 1169 1932 veritate
1190 1888 1300 1937 Dei3
1331 1888 1513 1930 Davidis
1543 1887 1754 1943 injustitia

163 1974 207 2010 et
227 1967 448 2010 mendacio
468 1967 693 2019 illustrata,
715 1981 842 2021 quam
863 1972 1088 2019 utramque
1110 1963 1401 2018 quaestionem
1421 1962 1590 2004 inverso
1606 1961 1754 2004 ordine

161 2041 374 2098 proponit,
396 2056 445 2083 ac
465 2040 650 2096 primum
671 2040 725 2081 de
740 2038 911 2094 justitia
932 2038 1001 2080 dei
1015 2037 1286 2092 judiciorum,
1305 2036 1419 2091 quod
1439 2036 1522 2078 fuit
1532 2035 1753 2092 *posterius

160 2114 205 2157 in
227 2114 368 2158 verbis
390 2114 598 2157 Davidis:
629 2114 748 2155 Num
770 2113 891 2155 Deus
912 2112 1110 2167 injustus,
1133 2112 1206 2166 qui
1236 2111 1387 2167 puniat
1408 2125 1517 2163 eum,
1539 2111 1660 2165 cujus
1689 2110 1754 2151 in-

155 2189 328 2245 justitia
356 2189 595 2232 illustratur
608 2188 780 2244 justitia
799 2187 898 2229 Dei.
959 2186 1210 2242 Respondet
1241 2184 1518 2240 temperando
1549 2183 1753 2239 objectio-

160 2279 272 2318 nem,
294 2263 409 2319 quod
430 2278 484 2306 ex
503 2262 681 2305 aliorum
710 2261 930 2304 hominum
950 2260 1235 2316 profanorum,
1257 2274 1343 2301 non
1364 2274 1418 2301 ex
1437 2273 1514 2301 suo
1535 2273 1663 2300 sensu
1693 2258 1749 2301 sit

161 2338 425 2394 deprompta,
443 2337 740 2380 et‘amoliendo
755 2335 1059 2391 blasphemiam
1075 2341 1276 2389 tanquam
1295 2333 1520 2375 absurdam
1535 2348 1545 2381 3
1571 2347 1750 2388 eamque

159 2413 319 2455 refutat
340 2412 393 2454 ab
414 2411 551 2454 officio
573 2418 617 2454 et
638 2410 790 2453 effecto
810 2409 896 2452 Dei
916 2410 1060 2451 futuro
1079 2408 1125 2450 in
1145 2408 1296 2450 ultimo
1316 2406 1466 2448 mundi
1485 2406 1618 2449 totius
1633 2406 1750 2462 judi-

159 2486 238 2548 cio,
261 2501 302 2542 q.
318 2487 360 2528 d.
381 2486 502 2529 Deus
522 2486 742 2538 mundum,
759 2484 880 2539 cujus
899 2483 1110 2538 injustitia
1123 2481 1294 2536 justitia
1314 2496 1414 2523 suae
1434 2480 1612 2537 gloriam
1631 2480 1750 2524 illus-

161 2560 307 2614 trabit,
329 2567 395 2602 est
409 2560 527 2614 juste
551 2559 829 2614 judicaturas,
852 2564 908 2612 et,
930 2557 985 2599 ad
1005 2556 1182 2613 gloriam
1197 2554 1392 2610 justitiae
1413 2570 1514 2597 suae
1533 2555 1749 2597 illustran-

160 2635 273 2689 dam,
294 2632 562 2690 sempiternis
592 2632 809 2688 suppliciis
838 2637 1114 2674 mactaturus.
1173 2629 1326 2671 Altera
1356 2628 1540 2683 objectio
1560 2629 1614 2671 de
1634 2628 1746 2671 veria

159 2714 263 2762 tate,
285 2723 327 2751 v.
346 2711 384 2762 7,
403 2707 452 2751 Si
471 2706 629 2750 veritas
644 2705 731 2748 Dei
745 2705 963 2747 hominum
985 2703 1205 2745 mendacio
1225 2703 1280 2746 ad
1299 2702 1477 2759 gloriam
1491 2702 1578 2745 Dei
1597 2702 1745 2758 ampli-

156 2783 284 2826 ficata
316 2780 538 2834 illucescit,
568 2795 644 2823 cur
672 2778 865 2821 homines
894 2778 1119 2820 mendaces
1150 2783 1192 2820 et
1227 2777 1380 2833 perfidi
1408 2777 1667 2819 damnentur
1692 2782 1744 2818 ut

157 2863 428 2913 peccatores:
459 2870 586 2912 quam
617 2853 899 2909 objectionem
929 2857 1059 2908 auget
1088 2851 1237 2906 majori
1267 2850 1544 2904 absurditate,
1565 2865 1641 2893 cur
1659 2862 1769 2897 non
