1887 3188
199 252 252 292 47
260 253 282 293 6
805 265 1184 307 COMMENTARIUS,

197 388 337 422 metus
367 382 550 424 mortis?
580 382 699 424 Num
730 399 847 426 amor
867 385 1012 427 vitae?
1041 385 1160 427 Num
1181 384 1427 440 angelorum
1458 385 1547 427 sive
1577 385 1783 428 bonorum

197 454 287 496 sive
319 455 525 497 malorum
557 464 632 498 aut
661 457 799 513 gratia
829 464 903 500 aut
934 459 1160 514 potentia?
1204 458 1322 500 Num
1352 474 1419 500 res
1448 466 1680 514 presentes,
1711 467 1786 502 aut

196 527 377 582 futurae,
399 536 474 571 aut
494 530 538 570 in
559 531 676 572 coelo
697 531 896 574 sublimes
927 533 1122 585 maxime,
1145 539 1219 573 aut
1240 533 1351 587 apud
1372 532 1526 575 inferos
1546 533 1786 588 profundis-

195 601 337 655 simae,
355 610 429 644 aut
449 603 535 645 ulla
556 605 738 659 denique
759 621 824 647 res
846 607 1018 647 creata?
1046 606 1277 647 Facessant
1298 606 1430 662 igitur
1450 608 1677 649 adulterini
1698 608 1785 650 Ro-

194 691 416 718 manenses
438 693 535 719 cum
556 694 631 720 sua
651 679 918 720 dubitatione
940 686 984 720 et
1004 679 1256 734 ignorantia,
1280 680 1433 734 ecquid
1453 680 1550 722 odio
1567 697 1621 722 an
1641 697 1783 724 amore

195 750 315 806 digni
336 750 452 792 sint?
472 751 535 792 At
552 767 630 807 ego
652 759 769 794 certo
785 753 871 794 scio
892 753 985 795 illos
1007 753 1103 794 odio
1121 753 1271 808 dignos
1293 768 1396 806 esse,
1419 754 1493 808 qui
1509 753 1681 797 Christo
1697 771 1783 797 non

194 825 386 877 credunt,
409 840 487 867 nec
511 825 695 880 Spiritus
717 827 895 868 oraculis
921 826 1048 868 fidem
1072 826 1245 868 habent.
1304 826 1369 868 At
1389 827 1561 881 Paulus,
1583 828 1784 883 inquiunt

194 899 246 940 de
264 914 308 940 se
325 907 390 940 est
404 899 585 952 locutus,
607 907 656 941 ut
672 900 746 955 qui
767 901 819 942 de
836 901 971 942 salute
989 916 1064 942 sua
1079 907 1220 942 certus
1238 916 1327 942 esse
1343 901 1555 956 potuerit3
1578 902 1681 956 quid
1701 902 1781 945 hoc

193 973 247 1014 ad
267 988 357 1025 nos,
389 973 462 1027 qui
484 972 682 1028 Apostoli
705 990 791 1016 non
822 976 997 1016 sumus?
1027 974 1282 1030 Respondeo
1309 990 1394 1017 non
1416 990 1533 1016 suam
1554 975 1623 1017 hic
1643 977 1783 1032 priva-

191 1052 280 1088 tam
305 1046 395 1102 agit
426 1062 608 1100 causam,
631 1049 705 1090 sed
726 1064 949 1104 personam
980 1049 1162 1091 sustinet
1183 1049 1371 1091 omnium
1402 1049 1644 1103 electorum,
1668 1051 1782 1093 haud

192 1120 315 1162 aliter
336 1136 462 1175 quam
494 1122 572 1163 sub
599 1122 726 1164 finem
749 1138 839 1178 cap.
862 1123 947 1176 vii„
970 1124 1084 1177 quod
1115 1123 1189 1178 qui
1217 1123 1398 1179 ignorat,
1427 1124 1533 1164 nihil
1555 1123 1716 1166 Christi
1735 1125 1782 1166 in

191 1195 371 1237 salutem
401 1196 534 1238 novit.
586 1196 748 1238 Verum
775 1204 977 1253 regerunt
998 1197 1255 1253 Apostolum
1284 1199 1349 1240 uti
1379 1199 1509 1241 verbo
1530 1191 1778 1254 πέπεισμαι,

191 1269 305 1323 quod
326 1270 484 1311 nudam
504 1271 820 1325 persuasionem
851 1271 1074 1327 significat,
1098 1287 1274 1327 eamque
1294 1272 1508 1314 interdum
1528 1273 1598 1315 vel
1618 1273 1778 1327 falsam,

190 1343 295 1384 adeo
317 1350 366 1385 ut
386 1343 473 1385 falli
494 1345 682 1400 potuerit
702 1345 949 1400 Apostolus.
1011 1345 1051 1388 O
1074 1361 1119 1387 os
1141 1346 1377 1401 impurum!
1404 1363 1458 1388 an
1485 1347 1654 1389 aliunde
1674 1348 1779 1390 haec

188 1417 417 1472 persuasio,
449 1433 577 1473 quam
598 1434 623 1460 a
642 1419 773 1461 verbo
794 1419 879 1461 Dei
908 1426 951 1461 et
974 1419 1136 1475 Spiritu
1159 1419 1317 1463 Sancto
1339 1421 1412 1476 qui
1432 1437 1511 1464 nec
1531 1421 1675 1464 fallere
1699 1437 1779 1465 nec

188 1490 277 1532 falli
297 1497 439 1546 potest
455 1492 473 1532 ?

246 1564 469 1607 Hactenus
499 1566 551 1607 de
576 1566 746 1620 justitia
768 1573 811 1608 et
832 1567 967 1609 salute
988 1567 1030 1608 in
1051 1567 1289 1623 Evangelio
1308 1569 1534 1623 patefacta,
1556 1576 1685 1625 atque
1706 1585 1779 1613 ex-

187 1638 348 1689 hibita;
381 1640 433 1682 de
448 1640 619 1694 justitia
635 1641 806 1695 quidem
822 1641 1086 1695 justificante
1102 1641 1248 1697 primis
1269 1657 1389 1698 capp,
1406 1643 1463 1685 iv.
1513 1643 1584 1684 Ex
1600 1659 1684 1699 qua
1704 1644 1777 1686 de-

187 1713 311 1755 duxit
333 1714 480 1756 salutis
510 1715 812 1757 certitudinem
835 1731 926 1771 cap.
948 1731 989 1757 v.
1046 1716 1115 1757 De
1138 1716 1367 1771 posteriore
1391 1717 1562 1770 justitia
1592 1718 1776 1760 sanctifi-

188 1793 312 1829 cante
333 1803 454 1844 capp.
476 1788 532 1830 vi.
555 1796 599 1831 et
620 1789 705 1843 vii„
727 1790 841 1832 unde
863 1790 1040 1832 eandem
1062 1790 1209 1832 salutis
1237 1791 1539 1833 certitudinem
1559 1807 1650 1848 cap.
1672 1792 1773 1847 viii„

187 1861 470 1904 confirmavit.

736 2029 783 2071 N
786 2030 974 2074 ONUM
1005 2030 1225 2075 CAPUT.

241 2159 372 2203 Nunc
388 2160 524 2204 tribus
545 2177 665 2218 capp.
683 2164 957 2218 sequentibus
979 2165 1032 2207 de
1048 2165 1225 2219 objectis
1240 2165 1434 2220 justitiae
1448 2173 1492 2208 et
1508 2166 1669 2220 salutis,
1689 2166 1770 2221 i.e.,

183 2234 373 2290 personis
395 2235 548 2290 quibus
569 2237 919 2280 communicanda
939 2245 1003 2280 est
1023 2239 1194 2293 justitia
1215 2247 1258 2282 et
1280 2240 1404 2293 salus,
1433 2247 1477 2282 et
1498 2240 1650 2295 quibus
1671 2255 1769 2283 non.

186 2308 320 2363 Cujus
340 2310 606 2352 tractationis
623 2311 732 2354 duae
753 2319 852 2354 sunt
867 2319 1023 2368 partes,
1041 2329 1149 2368 quae
1165 2313 1252 2356 fere
1267 2314 1503 2369 promiscue
1519 2320 1771 2357 tractantur.

184 2381 287 2425 Una
299 2390 364 2426 est
378 2384 431 2426 de
443 2384 477 2427 J
478 2385 710 2427 udaeorum
725 2387 968 2441 rejectione,
985 2387 1118 2429 altera
1133 2388 1186 2430 de
1200 2387 1420 2430 vocatione
1435 2387 1643 2443 gentium.
1683 2387 1772 2431 Ao-

183 2462 305 2499 turus
327 2458 380 2500 de
400 2459 631 2513 rejectione
651 2459 685 2502 J
687 2461 918 2503 udaeorum
947 2461 1196 2517 gravissima
1223 2460 1507 2504 obtestatione
1528 2461 1621 2503 odii
1635 2462 1775 2519 suspi-

184 2530 349 2574 cionem
379 2533 588 2587 amolitur,
621 2541 665 2576 et
684 2534 719 2577 J
719 2535 950 2577 udaeorum
977 2535 1248 2590 rejectionem
1275 2535 1422 2576 eadem
1452 2549 1592 2590 opera,
1623 2551 1773 2591 quam·-

183 2619 311 2660 quam
332 2605 562 2660 obscurius,
585 2614 630 2650 et
649 2608 934 2651 insinuatione
954 2624 1055 2651 usus
1075 2607 1287 2664 proponit.
1339 2607 1628 2652 Consimiliter
1645 2609 1770 2653 initio

185 2678 425 2734 scriptionis
446 2695 546 2722 suae
567 2695 658 2737 cap.
679 2681 721 2735 i.,
742 2698 784 2725 v.
814 2685 852 2736 9,
884 2683 1074 2724 studium
1104 2689 1148 2725 et
1177 2682 1519 2726 benevolentiam
1551 2699 1653 2740 erga
1681 2684 1778 2728 Ro·

182 2767 330 2795 manos
351 2768 470 2800 suam
490 2755 803 2809 commendans,
829 2755 1115 2798 obtestatione
1136 2763 1202 2799 est
1223 2756 1351 2798 etiam
1375 2773 1490 2800 usus.
1533 2757 1629 2800 Elio
1647 2773 1770 2814 prae-

183 2826 343 2870 dicavit
364 2827 655 2872 Romanorum
683 2829 825 2883 fidem,
845 2829 915 2872 hic
946 2830 1140 2885 deplorat
1169 2829 1203 2873 J
1205 2831 1435 2873 udaeorum
1456 2830 1767 2875 infidelitatem.

182 2900 425 2957 Propositio
444 2902 688 2958 rejectionis
703 2903 738 2946 J
737 2903 970 2946 udaeorum
983 2910 1050 2947 est
1068 2905 1124 2946 ad
1143 2920 1184 2948 v.
1203 2907 1241 2949 6.
1290 2904 1325 2948 J
1326 2905 1452 2948 udaei
1472 2911 1573 2948 sunt
1591 2905 1777 2961 reJecti32
