1887 3188
213 180 297 221 450
818 183 1202 224 COMMENTARan,

214 308 348 366 gratis
368 308 635 363 imputatam,
668 312 711 347 et
741 304 925 347 efficacia
947 304 1132 360 Spiritus
1163 302 1284 345 nobis
1316 301 1407 343 dati
1436 316 1512 357 per
1535 301 1663 344 fidem
1693 316 1807 344 com-

215 383 486 435 municatam,
508 396 584 422 nos
605 395 691 422 non
713 379 848 421 solum
870 379 922 420 ab
945 378 1059 420 omni
1083 384 1205 419 reatu
1225 376 1392 428 liberos,
1426 376 1500 417 sed
1521 376 1650 418 etiam
1664 377 1805 431 justos

215 456 474 500 constituere
506 470 646 497 coram
667 454 776 506 Deo,
808 469 904 496 cum
933 453 1100 494 dicatur
1122 451 1248 493 etiam
1282 443 1509 505 δικάιωμα,
1533 451 1648 505 quod
1667 462 1807 489 κατα-

216 521 392 587 κξῖματι
409 528 576 585 proprie
594 528 823 584 opponitur
839 543 849 576 3
876 525 1069 580 quamvis
1086 527 1137 567 18
1153 541 1192 567 v.
1209 525 1247 566 ei
1264 517 1470 563 δικαιωσιν
1486 517 1591 579 ζωῆς
1607 531 1807 580 opponat,

216 606 331 661 quod
351 605 447 646 ideo
469 604 642 655 factum,
664 609 714 644 ut
735 601 1022 656 intelligamus
1045 598 1320 641 efficaciorem
1339 599 1500 641 Christi
1522 599 1808 641 obedientiam

216 680 338 722 nobis
370 677 601 730 servandis,
634 692 682 718 ac
713 675 890 730 proinde
914 672 1213 728 justificandis,
1251 688 1299 714 ac
1324 672 1453 726 justis
1484 672 1807 725 constituendis,

216 769 343 810 quam
367 751 526 793 Adami
555 748 846 792 inobedientia
871 748 926 790 sit
947 747 1068 789 nobis
1094 747 1333 802 perdendis,
1365 762 1414 788 ac
1441 746 1618 802 proinde
1639 746 1808 801 injustis

216 825 539 871 constituendis.
601 823 797 867 Observa
817 830 905 864 tam
916 823 1056 877 justos
1074 837 1201 876 quam
1217 821 1397 875 injustos
1420 821 1623 863 constitui
1640 820 1808 874 multos,

215 917 301 944 non
322 908 410 943 tam
433 916 520 953 sua,
543 914 651 954 quae
673 898 775 953 ipsis
796 897 1028 949 inhaereat,
1051 911 1178 950 quam
1200 910 1307 949 quae
1324 894 1483 936 Adami
1505 902 1548 937 et
1571 894 1732 937 Christi
1753 895 1810 937 sit

216 978 343 1031 hujus
365 974 621 1026 obedientia,
653 973 764 1014 illius
795 969 1097 1023 inobedientia,
1128 976 1170 1011 et
1198 985 1294 1011 cum
1316 960 1522 1024 πεξισσειά
1546 965 1619 1015 τῆς
1640 961 1813 1025 χάριτος

218 1042 295 1090 καὶ
332 1046 405 1097 τῆς
448 1042 592 1105 δωξεοῖς
623 1043 695 1093 τῆς
728 1037 980 1091 δικαιοσύνης
1013 1043 1176 1087 Christi
1206 1043 1448 1085 obedientia
1478 1035 1646 1085 dicatur
1675 1059 1715 1085 v.
1744 1046 1810 1096 17,

216 1126 440 1168 inchoatae
480 1124 525 1164 in
565 1124 643 1164 hac
685 1122 775 1163 vita
815 1118 1033 1162 sanctitati
1068 1125 1237 1159 nostrae
1274 1118 1498 1160 convenire
1533 1118 1650 1160 nullo
1685 1118 1811 1160 modo

217 1207 374 1257 potest.
428 1190 750 1253 Λαμβάνοντες,
770 1196 829 1251 (v.
841 1195 927 1250 17,)
938 1195 964 1236 i.
980 1210 1014 1236 e.
1029 1193 1341 1249 prehendentes
1355 1193 1454 1234 fidei
1467 1208 1596 1234 manu
1609 1208 1661 1235 ex
1674 1192 1814 1249 gratia

220 1275 306 1318 Dei
327 1275 488 1318 virtute
511 1272 697 1328 Spiritus
712 1270 927 1326 justitiam
950 1268 1123 1322 Christi,
1141 1275 1221 1309 etc.
1274 1266 1403 1319 Quod
1423 1282 1509 1309 non
1530 1267 1702 1309 videtur
1720 1282 1817 1322 pro-

218 1351 309 1407 prie
330 1349 415 1392 dici
440 1363 562 1404 posse
584 1348 637 1388 de
659 1352 901 1388 sanctorum
930 1343 1126 1398 operibus
1158 1341 1327 1395 sanctis,
1359 1348 1487 1397 atque
1515 1342 1629 1383 haud
1651 1341 1736 1384 scio
1758 1357 1812 1383 an

219 1425 303 1467 de
293 1440 384 1480 lpsa
404 1423 447 1464 in
469 1422 589 1464 nobis
620 1421 820 1462 inchoata
851 1417 1091 1469 sanctitate,
1124 1432 1231 1471 quae
1261 1415 1345 1457 suis
1374 1416 1579 1471 paulatim
1609 1415 1811 1472 gradibus

217 1497 442 1556 piocedit
431 1513 475 1538 1n
495 1497 574 1538 hac
598 1495 711 1537 vita:
744 1493 921 1535 observa
941 1490 1214 1547 participium
1244 1489 1478 1545 piaesentis
1510 1482 1725 1545 temporis,
1757 1490 1813 1530 ad

217 1571 580 1616 continuationem
599 1566 946 1611 sanctificationis
967 1564 1265 1612 indicandam,
1298 1578 1383 1604 non
1400 1562 1514 1605 enim
1530 1563 1634 1605 dicit
1653 1554 1811 1619 λαβόν-

219 1658 297 1694 τες,
340 1647 416 1689 sed
449 1637 752 1700 λαμβάνοντες.
824 1641 898 1682 An
933 1639 1033 1695 quia
1068 1639 1201 1679 tardis
1237 1637 1508 1679 incrementis
1541 1637 1813 1692 progreditur

170 1752 174 1756 -
217 1730 363 1764 nostra
398 1718 690 1770 sanctificatio,
728 1731 837 1772 quae
869 1714 1092 1756 individuo
1125 1727 1240 1754 nexu
1275 1726 1373 1754 cum
1401 1711 1710 1766 justificatione
1744 1726 1815 1754 co-

217 1796 378 1849 haeret,
411 1801 454 1836 et
485 1800 714 1847 utrumque
743 1789 997 1832 beneficium
1028 1793 1230 1843 opponat,
1261 1801 1347 1828 non
1377 1792 1464 1827 tam
1495 1786 1634 1828 reatui
1663 1786 1812 1840 solum,

219 1870 295 1914 sed
316 1875 360 1912 et
380 1867 641 1924 corruptioni
666 1866 719 1908 ab
739 1865 910 1907 Adamo
930 1863 975 1904 in
995 1878 1072 1904 nos
1103 1861 1324 1910 derivata3
1356 1875 1464 1915 quae
1486 1860 1570 1902 duo
1592 1860 1814 1903 materiam

219 1943 368 1987 mortis
408 1941 744 1992 subministrant,
786 1939 888 1980 dum
924 1953 1000 1994 nos
1041 1951 1124 1977 non
1163 1925 1340 1992 κξῖμιατι
1381 1934 1529 1988 solum,
1571 1934 1647 1976 sed
1686 1934 1816 1976 etiam

221 2010 521 2073 κατακξίματι
555 2022 599 2058 et
633 2003 879 2070 κατακείσει
917 2007 993 2050 *τοῦ
1030 2003 1208 2049 θανάτου
1250 2017 1392 2064 atque>
1412 2008 1518 2050 adeo
1553 2002 1614 2063 τῷ
1650 2000 1814 2063 θανάτῳ

223 2092 427 2135 obnoxios
447 2091 648 2133 reddunt.
707 2088 828 2129 Num
849 2102 872 2129 e
893 2093 1042 2128 contra
1063 2083 1361 2139 justificationi
1382 2082 1610 2137 conjuncta
1631 2081 1817 2124 sanctifi-

218 2166 330 2210 catio
343 2165 518 2208 tandem
530 2163 717 2220 perfecte
733 2161 985 2217 complenda
997 2159 1191 2201 advitam
1205 2158 1332 2200 faciat
1345 2172 1479 2199 necne
1488 2156 1810 2212 dispiciendum.

222 2241 352 2285 Certe
378 2237 698 2294 ,iustificationis
733 2243 777 2278 et
811 2233 1030 2278 electionis
1061 2232 1367 2285 testimonium,
1403 2237 1532 2286 atque
1563 2231 1669 2272 adeo
1699 2229 1815 2272 vitae

220 2321 418 2359 aeternae
439 2313 594 2370 pignus
625 2318 790 2354 eertum
809 2309 855 2351 in
874 2309 954 2350 hac
976 2307 1066 2350 vita
1090 2322 1182 2349 esse
1211 2312 1407 2355 constat3
1437 2304 1629 2361 perfecta
1647 2319 1749 2347 vero
1769 2304 1815 2346 in

220 2386 465 2455 glorificatis
497 2387 653 2438 futura,
687 2384 860 2426 videtur
894 2372 1107 2437 δικαίωμα
1146 2372 1269 2436 νόμου
1303 2386 1432 2434 atque
1465 2379 1572 2420 adeo
1605 2371 1691 2417 752!
1658 2389 1816 2436 ηξωμια

221 2462 306 2505 dici
326 2477 418 2518 cap.
439 2460 527 2502 viii.
549 2461 590 2501 4.
653 2459 739 2501 Sed
760 2465 804 2500 et
824 2457 893 2499 hic
915 2456 1235 2498 deliberandum
1257 2460 1301 2496 et
1322 2452 1598 2509 cogitandum
1619 2453 1814 2509 amplius,

222 2543 266 2580 et
286 2535 390 2592 quid
411 2534 590 2586 dicatur,
621 2549 662 2576 v.
687 2535 753 2584 19,
787 2522 1034 2576 δικαιοσυνη,
1066 2543 1174 2584 quae
1202 2527 1258 2570 sit
1277 2527 1393 2570 vitae
1420 2542 1559 2581 causa,
1590 2526 1671 2569 hoc
1701 2525 1816 2569 enim

185 2607 192 2614 ’
221 2609 393 2652 videtur
409 2598 488 2662 ζωὴ
508 2598 577 2646 δια
594 2598 856 2652 δικαιοσύνην.
909 2604 997 2648 Sed
1011 2619 1097 2646 non
1112 2609 1162 2644 ut
1179 2608 1244 2644 est
1258 2601 1496 2658 ingressum
1518 2593 1814 2656 παράπτωμα,

219 2686 248 2727 i.
270 2700 307 2727 e.
328 2681 592 2745 voluntarius
612 2681 737 2736 primi
752 2678 934 2722 hominis
954 2678 1097 2734 lapsus
1119 2682 1162 2718 et
1183 2675 1318 2730 ruina,
1341 2676 1400 2718 sic
1422 2681 1466 2717 et
1485 2675 1725 2732 ingressum
1745 2681 1816 2722 est

218 2751 428 2814 χάρισμα,
458 2754 693 2812 gratuitum
714 2753 801 2795 Dei
823 2751 1090 2804 beneficium,
1123 2749 1213 2792 sive
1245 2749 1360 2804 quod
1381 2748 1502 2791 Deus
1531 2747 1815 2808 gratificatur,

220 2832 335 2889 quod
350 2831 657 2886 interpretatur
670 2833 820 2884 postea
833 2825 1015 2883 gratiam
1031 2823 1130 2878 Dei,
1147 2823 1410 2880 metonymia
1430 2838 1598 2865 causae.
1654 2821 1818 2883 Probat
