<?xml version="1.0" encoding="UTF-8"?>
<!DOCTYPE html PUBLIC "-//W3C//DTD XHTML 1.0 Transitional//EN"
    "http://www.w3.org/TR/xhtml1/DTD/xhtml1-transitional.dtd">
<html xmlns="http://www.w3.org/1999/xhtml" xml:lang="en" lang="en">
 <head>
  <title>
</title>
<meta http-equiv="Content-Type" content="text/html;charset=utf-8" />
  <meta name='ocr-system' content='tesseract 3.04.00' />
  <meta name='ocr-capabilities' content='ocr_page ocr_carea ocr_par ocr_line ocrx_word'/>
</head>
<body>
  <div class='ocr_page' id='page_1' title='image "./logicalanalysiso00ferm_0528.png"; bbox 0 0 2912 4368; ppageno 0'>
   <div class='ocr_carea' id='block_1_1' title="bbox 975 911 1958 971">
    <p class='ocr_par' dir='ltr' id='par_1_1' title="bbox 975 911 1958 971">
     <span class='ocr_line' id='line_1_1' title="bbox 975 911 1958 971; baseline 0.012 -23"><span class='ocrx_word' id='word_1_1' title='bbox 975 911 1059 952; x_wconf 66' lang='lat'>484</span> <span class='ocrx_word' id='word_1_2' title='bbox 1580 929 1958 971; x_wconf 70' lang='lat' dir='ltr'>coMquNTAmus,</span> 
     </span>
    </p>
   </div>
   <div class='ocr_carea' id='block_1_2' title="bbox 982 1042 2593 3176">
    <p class='ocr_par' dir='ltr' id='par_1_2' title="bbox 982 1042 2593 3176">
     <span class='ocr_line' id='line_1_2' title="bbox 982 1042 2566 1104; baseline 0.004 -21"><span class='ocrx_word' id='word_1_3' title='bbox 982 1042 1249 1098; x_wconf 87' lang='lat' dir='ltr'>Apostolus,)</span> <span class='ocrx_word' id='word_1_4' title='bbox 1268 1045 1294 1085; x_wconf 92' lang='lat' dir='ltr'>i.</span> <span class='ocrx_word' id='word_1_5' title='bbox 1318 1061 1352 1087; x_wconf 93' lang='lat' dir='ltr'>e.</span> <span class='ocrx_word' id='word_1_6' title='bbox 1376 1046 1671 1103; x_wconf 81' lang='lat' dir='ltr'>Evangelium,</span> <span class='ocrx_word' id='word_1_7' title='bbox 1696 1051 1807 1104; x_wconf 86' lang='lat' dir='ltr'>quod</span> <span class='ocrx_word' id='word_1_8' title='bbox 1831 1050 1903 1104; x_wconf 88' lang='lat' dir='ltr'>qui</span> <span class='ocrx_word' id='word_1_9' title='bbox 1928 1050 2137 1104; x_wconf 88' lang='lat' dir='ltr'>rejiciunt,</span> <span class='ocrx_word' id='word_1_10' title='bbox 2155 1050 2282 1091; x_wconf 90' lang='lat' dir='ltr'>fidem</span> <span class='ocrx_word' id='word_1_11' title='bbox 2304 1047 2500 1103; x_wconf 88' lang='lat' dir='ltr'>rejiciunt</span> <span class='ocrx_word' id='word_1_12' title='bbox 2522 1053 2566 1089; x_wconf 84' lang='lat' dir='ltr'>et</span> 
     </span>
     <span class='ocr_line' id='line_1_3' title="bbox 982 1117 2567 1174; baseline 0.004 -18"><span class='ocrx_word' id='word_1_13' title='bbox 982 1117 1307 1171; x_wconf 77' lang='lat' dir='ltr'>invocationem,</span> <span class='ocrx_word' id='word_1_14' title='bbox 1340 1128 1468 1174; x_wconf 86' lang='lat' dir='ltr'>atque</span> <span class='ocrx_word' id='word_1_15' title='bbox 1490 1121 1585 1164; x_wconf 89' lang='lat' dir='ltr'>ideo</span> <span class='ocrx_word' id='word_1_16' title='bbox 1616 1123 1759 1164; x_wconf 87' lang='lat' dir='ltr'>Iesum</span> <span class='ocrx_word' id='word_1_17' title='bbox 1781 1124 2013 1166; x_wconf 87' lang='lat' dir='ltr'>Dominum</span> <span class='ocrx_word' id='word_1_18' title='bbox 2036 1140 2132 1166; x_wconf 88' lang='lat' dir='ltr'>cum</span> <span class='ocrx_word' id='word_1_19' title='bbox 2164 1123 2357 1165; x_wconf 89' lang='lat' dir='ltr'>omnibus</span> <span class='ocrx_word' id='word_1_20' title='bbox 2389 1122 2475 1164; x_wconf 86' lang='lat' dir='ltr'>suis</span> <span class='ocrx_word' id='word_1_21' title='bbox 2496 1121 2567 1162; x_wconf 90' lang='lat' dir='ltr'>be-</span> 
     </span>
     <span class='ocr_line' id='line_1_4' title="bbox 983 1191 2570 1253; baseline 0.003 -22"><span class='ocrx_word' id='word_1_22' title='bbox 983 1191 1171 1233; x_wconf 88' lang='lat' dir='ltr'>nefieiis:</span> <span class='ocrx_word' id='word_1_23' title='bbox 1204 1194 1441 1247; x_wconf 89' lang='lat' dir='ltr'>cujusmodi</span> <span class='ocrx_word' id='word_1_24' title='bbox 1462 1196 1633 1238; x_wconf 86' lang='lat' dir='ltr'>fuerunt</span> <span class='ocrx_word' id='word_1_25' title='bbox 1654 1197 1826 1239; x_wconf 79' lang='lat' dir='ltr'>Judaei.</span> <span class='ocrx_word' id='word_1_26' title='bbox 1887 1198 1950 1239; x_wconf 91' lang='lat' dir='ltr'>At</span> <span class='ocrx_word' id='word_1_27' title='bbox 1976 1198 2159 1253; x_wconf 78' lang='lat' dir='ltr'>excipiat</span> <span class='ocrx_word' id='word_1_28' title='bbox 2185 1197 2348 1252; x_wconf 87' lang='lat' dir='ltr'>aliquis,</span> <span class='ocrx_word' id='word_1_29' title='bbox 2377 1196 2570 1238; x_wconf 77' lang='lat' dir='ltr'>Judaeos</span> 
     </span>
     <span class='ocr_line' id='line_1_5' title="bbox 984 1266 2569 1326; baseline 0.003 -21"><span class='ocrx_word' id='word_1_30' title='bbox 984 1281 1069 1306; x_wconf 89' lang='lat' dir='ltr'>non</span> <span class='ocrx_word' id='word_1_31' title='bbox 1100 1266 1324 1309; x_wconf 88' lang='lat' dir='ltr'>audivisse.</span> <span class='ocrx_word' id='word_1_32' title='bbox 1386 1269 1634 1324; x_wconf 78' lang='lat' dir='ltr'>Respondet</span> <span class='ocrx_word' id='word_1_33' title='bbox 1665 1272 1743 1313; x_wconf 90' lang='lat' dir='ltr'>hoc</span> <span class='ocrx_word' id='word_1_34' title='bbox 1775 1272 1865 1312; x_wconf 86' lang='lat' dir='ltr'>fieri</span> <span class='ocrx_word' id='word_1_35' title='bbox 1895 1272 2011 1313; x_wconf 91' lang='lat' dir='ltr'>nullo</span> <span class='ocrx_word' id='word_1_36' title='bbox 2036 1273 2161 1313; x_wconf 91' lang='lat' dir='ltr'>modo</span> <span class='ocrx_word' id='word_1_37' title='bbox 2191 1287 2327 1326; x_wconf 89' lang='lat' dir='ltr'>posse,</span> <span class='ocrx_word' id='word_1_38' title='bbox 2357 1285 2453 1312; x_wconf 87' lang='lat' dir='ltr'>cum</span> <span class='ocrx_word' id='word_1_39' title='bbox 2479 1271 2569 1323; x_wconf 78' lang='lat' dir='ltr'>jam</span> 
     </span>
     <span class='ocr_line' id='line_1_6' title="bbox 985 1340 2569 1400; baseline 0.003 -21"><span class='ocrx_word' id='word_1_40' title='bbox 985 1340 1269 1395; x_wconf 82' lang='lat' dir='ltr'>Evangelium</span> <span class='ocrx_word' id='word_1_41' title='bbox 1291 1358 1365 1396; x_wconf 91' lang='lat' dir='ltr'>per</span> <span class='ocrx_word' id='word_1_42' title='bbox 1387 1343 1531 1384; x_wconf 91' lang='lat' dir='ltr'>orbem</span> <span class='ocrx_word' id='word_1_43' title='bbox 1557 1352 1764 1385; x_wconf 90' lang='lat' dir='ltr'>terrarum</span> <span class='ocrx_word' id='word_1_44' title='bbox 1785 1345 2088 1399; x_wconf 81' lang='lat' dir='ltr'>Apostolorum</span> <span class='ocrx_word' id='word_1_45' title='bbox 2111 1345 2423 1400; x_wconf 85' lang='lat' dir='ltr'>praedicatione</span> <span class='ocrx_word' id='word_1_46' title='bbox 2444 1344 2569 1397; x_wconf 71' lang='lat' dir='ltr'>longe</span> 
     </span>
     <span class='ocr_line' id='line_1_7' title="bbox 984 1414 2571 1473; baseline 0.002 -19"><span class='ocrx_word' id='word_1_47' title='bbox 984 1414 1154 1468; x_wconf 85' lang='lat' dir='ltr'>lateque</span> <span class='ocrx_word' id='word_1_48' title='bbox 1192 1416 1513 1457; x_wconf 86' lang='lat' dir='ltr'>disseminatum</span> <span class='ocrx_word' id='word_1_49' title='bbox 1549 1418 1603 1458; x_wconf 93' lang='lat' dir='ltr'>sit</span> <span class='ocrx_word' id='word_1_50' title='bbox 1623 1434 1632 1467; x_wconf 85' lang='lat'>3</span> <span class='ocrx_word' id='word_1_51' title='bbox 1676 1434 1767 1459; x_wconf 89' lang='lat' dir='ltr'>eam</span> <span class='ocrx_word' id='word_1_52' title='bbox 1803 1419 1856 1459; x_wconf 93' lang='lat' dir='ltr'>ob</span> <span class='ocrx_word' id='word_1_53' title='bbox 1890 1434 1978 1460; x_wconf 91' lang='lat' dir='ltr'>rem</span> <span class='ocrx_word' id='word_1_54' title='bbox 2014 1418 2136 1460; x_wconf 86' lang='lat' dir='ltr'>initio</span> <span class='ocrx_word' id='word_1_55' title='bbox 2173 1419 2408 1473; x_wconf 76' lang='lat' dir='ltr'>scripserat,</span> <span class='ocrx_word' id='word_1_56' title='bbox 2444 1418 2571 1458; x_wconf 88' lang='lat' dir='ltr'>fidem</span> 
     </span>
     <span class='ocr_line' id='line_1_8' title="bbox 987 1488 2572 1546; baseline 0.001 -18"><span class='ocrx_word' id='word_1_57' title='bbox 987 1488 1275 1530; x_wconf 86' lang='lat' dir='ltr'>Romanorum</span> <span class='ocrx_word' id='word_1_58' title='bbox 1306 1489 1350 1529; x_wconf 90' lang='lat' dir='ltr'>in</span> <span class='ocrx_word' id='word_1_59' title='bbox 1382 1497 1473 1531; x_wconf 88' lang='lat' dir='ltr'>toto</span> <span class='ocrx_word' id='word_1_60' title='bbox 1501 1493 1659 1533; x_wconf 89' lang='lat' dir='ltr'>mundo</span> <span class='ocrx_word' id='word_1_61' title='bbox 1691 1492 1905 1533; x_wconf 86' lang='lat' dir='ltr'>celebrari.</span> <span class='ocrx_word' id='word_1_62' title='bbox 1965 1492 2109 1533; x_wconf 88' lang='lat' dir='ltr'>Verba</span> <span class='ocrx_word' id='word_1_63' title='bbox 2141 1500 2240 1533; x_wconf 89' lang='lat' dir='ltr'>sunt</span> <span class='ocrx_word' id='word_1_64' title='bbox 2270 1492 2406 1546; x_wconf 86' lang='lat' dir='ltr'>petita</span> <span class='ocrx_word' id='word_1_65' title='bbox 2427 1506 2479 1532; x_wconf 78' lang='lat' dir='ltr'>ex</span> <span class='ocrx_word' id='word_1_66' title='bbox 2500 1490 2572 1531; x_wconf 81' lang='lat' dir='ltr'>Ps.</span> 
     </span>
     <span class='ocr_line' id='line_1_9' title="bbox 987 1563 2576 1621; baseline 0.003 -20"><span class='ocrx_word' id='word_1_67' title='bbox 987 1563 1073 1602; x_wconf 83' lang='lat' dir='ltr'>xix.</span> <span class='ocrx_word' id='word_1_68' title='bbox 1097 1564 1148 1603; x_wconf 92' lang='lat' dir='ltr'>de</span> <span class='ocrx_word' id='word_1_69' title='bbox 1171 1564 1435 1605; x_wconf 72' lang='lat' dir='ltr'>documentis</span> <span class='ocrx_word' id='word_1_70' title='bbox 1457 1572 1633 1606; x_wconf 87' lang='lat' dir='ltr'>naturae</span> <span class='ocrx_word' id='word_1_71' title='bbox 1655 1566 1698 1607; x_wconf 91' lang='lat' dir='ltr'>in</span> <span class='ocrx_word' id='word_1_72' title='bbox 1720 1566 1868 1607; x_wconf 90' lang='lat' dir='ltr'>mundi</span> <span class='ocrx_word' id='word_1_73' title='bbox 1890 1566 2068 1621; x_wconf 85' lang='lat' dir='ltr'>opificio,</span> <span class='ocrx_word' id='word_1_74' title='bbox 2101 1582 2208 1621; x_wconf 85' lang='lat' dir='ltr'>quae</span> <span class='ocrx_word' id='word_1_75' title='bbox 2230 1566 2416 1607; x_wconf 86' lang='lat' dir='ltr'>traducit</span> <span class='ocrx_word' id='word_1_76' title='bbox 2436 1565 2576 1620; x_wconf 89' lang='lat' dir='ltr'>Apos-</span> 
     </span>
     <span class='ocr_line' id='line_1_10' title="bbox 989 1637 2576 1696; baseline 0.002 -20"><span class='ocrx_word' id='word_1_77' title='bbox 989 1637 1100 1677; x_wconf 91' lang='lat' dir='ltr'>tolus</span> <span class='ocrx_word' id='word_1_78' title='bbox 1137 1638 1190 1677; x_wconf 91' lang='lat' dir='ltr'>ad</span> <span class='ocrx_word' id='word_1_79' title='bbox 1227 1638 1482 1679; x_wconf 88' lang='lat' dir='ltr'>documenta</span> <span class='ocrx_word' id='word_1_80' title='bbox 1517 1640 1679 1694; x_wconf 81' lang='lat' dir='ltr'>gratiae</span> <span class='ocrx_word' id='word_1_81' title='bbox 1716 1640 1759 1680; x_wconf 90' lang='lat' dir='ltr'>in</span> <span class='ocrx_word' id='word_1_82' title='bbox 1796 1640 2081 1696; x_wconf 80' lang='lat' dir='ltr'>Evangelium</span> <span class='ocrx_word' id='word_1_83' title='bbox 2112 1640 2353 1695; x_wconf 82' lang='lat' dir='ltr'>patefacta3</span> <span class='ocrx_word' id='word_1_84' title='bbox 2394 1639 2576 1693; x_wconf 89' lang='lat' dir='ltr'>ideoque</span> 
     </span>
     <span class='ocr_line' id='line_1_11' title="bbox 989 1711 2577 1769; baseline 0.001 -18"><span class='ocrx_word' id='word_1_85' title='bbox 989 1711 1143 1752; x_wconf 89' lang='lat' dir='ltr'>lineam</span> <span class='ocrx_word' id='word_1_86' title='bbox 1168 1712 1213 1764; x_wconf 86' lang='lat' dir='ltr'>(i.</span> <span class='ocrx_word' id='word_1_87' title='bbox 1237 1727 1271 1753; x_wconf 91' lang='lat' dir='ltr'>e.</span> <span class='ocrx_word' id='word_1_88' title='bbox 1295 1712 1621 1755; x_wconf 83' lang='lat' dir='ltr'>delineationem</span> <span class='ocrx_word' id='word_1_89' title='bbox 1646 1715 1884 1755; x_wconf 84' lang='lat' dir='ltr'>mundanae</span> <span class='ocrx_word' id='word_1_90' title='bbox 1907 1714 2101 1767; x_wconf 76' lang='lat' dir='ltr'>fabricae,</span> <span class='ocrx_word' id='word_1_91' title='bbox 2134 1730 2241 1769; x_wconf 84' lang='lat' dir='ltr'>quae</span> <span class='ocrx_word' id='word_1_92' title='bbox 2262 1714 2387 1769; x_wconf 84' lang='lat' dir='ltr'>longe</span> <span class='ocrx_word' id='word_1_93' title='bbox 2407 1714 2577 1767; x_wconf 86' lang='lat' dir='ltr'>lateque</span> 
     </span>
     <span class='ocr_line' id='line_1_12' title="bbox 992 1786 2576 1844; baseline 0 -17"><span class='ocrx_word' id='word_1_94' title='bbox 992 1793 1231 1840; x_wconf 86' lang='lat' dir='ltr'>conspecta,</span> <span class='ocrx_word' id='word_1_95' title='bbox 1264 1786 1353 1828; x_wconf 89' lang='lat' dir='ltr'>sine</span> <span class='ocrx_word' id='word_1_96' title='bbox 1385 1802 1487 1828; x_wconf 88' lang='lat' dir='ltr'>sono</span> <span class='ocrx_word' id='word_1_97' title='bbox 1509 1788 1629 1841; x_wconf 85' lang='lat' dir='ltr'>quasi</span> <span class='ocrx_word' id='word_1_98' title='bbox 1651 1788 1920 1842; x_wconf 75' lang='lat' dir='ltr'>vociferatur,</span> <span class='ocrx_word' id='word_1_99' title='bbox 1944 1795 1987 1830; x_wconf 90' lang='lat' dir='ltr'>et</span> <span class='ocrx_word' id='word_1_100' title='bbox 2008 1789 2250 1844; x_wconf 77' lang='lat' dir='ltr'>promulgat</span> <span class='ocrx_word' id='word_1_101' title='bbox 2271 1787 2447 1843; x_wconf 80' lang='lat' dir='ltr'>gloriam</span> <span class='ocrx_word' id='word_1_102' title='bbox 2473 1786 2576 1839; x_wconf 90' lang='lat' dir='ltr'>Dei)</span> 
     </span>
     <span class='ocr_line' id='line_1_13' title="bbox 992 1860 2579 1917; baseline 0.001 -17"><span class='ocrx_word' id='word_1_103' title='bbox 992 1860 1123 1901; x_wconf 88' lang='lat' dir='ltr'>vertit</span> <span class='ocrx_word' id='word_1_104' title='bbox 1159 1876 1307 1901; x_wconf 91' lang='lat' dir='ltr'>sonum</span> <span class='ocrx_word' id='word_1_105' title='bbox 1344 1868 1518 1916; x_wconf 89' lang='lat' dir='ltr'>propter</span> <span class='ocrx_word' id='word_1_106' title='bbox 1546 1862 1850 1917; x_wconf 78' lang='lat' dir='ltr'>Evangelicam</span> <span class='ocrx_word' id='word_1_107' title='bbox 1873 1863 2241 1917; x_wconf 84' lang='lat' dir='ltr'>praedicationem,</span> <span class='ocrx_word' id='word_1_108' title='bbox 2280 1877 2387 1916; x_wconf 85' lang='lat' dir='ltr'>quae</span> <span class='ocrx_word' id='word_1_109' title='bbox 2423 1860 2579 1916; x_wconf 84' lang='lat' dir='ltr'>passim</span> 
     </span>
     <span class='ocr_line' id='line_1_14' title="bbox 992 1934 2581 1991; baseline 0 -16"><span class='ocrx_word' id='word_1_110' title='bbox 992 1934 1255 1975; x_wconf 84' lang='lat' dir='ltr'>audiebatur.</span> <span class='ocrx_word' id='word_1_111' title='bbox 1318 1934 1512 1977; x_wconf 87' lang='lat' dir='ltr'>Observa</span> <span class='ocrx_word' id='word_1_112' title='bbox 1533 1951 1618 1977; x_wconf 88' lang='lat' dir='ltr'>non</span> <span class='ocrx_word' id='word_1_113' title='bbox 1639 1937 1759 1978; x_wconf 87' lang='lat' dir='ltr'>citari</span> <span class='ocrx_word' id='word_1_114' title='bbox 1790 1937 1903 1979; x_wconf 82' lang='lat' dir='ltr'>hune</span> <span class='ocrx_word' id='word_1_115' title='bbox 1933 1938 2073 1979; x_wconf 88' lang='lat' dir='ltr'>locum</span> <span class='ocrx_word' id='word_1_116' title='bbox 2100 1945 2147 1978; x_wconf 87' lang='lat' dir='ltr'>ut</span> <span class='ocrx_word' id='word_1_117' title='bbox 2169 1944 2335 1978; x_wconf 87' lang='lat' dir='ltr'>caetera</span> <span class='ocrx_word' id='word_1_118' title='bbox 2355 1935 2581 1991; x_wconf 88' lang='lat' dir='ltr'>propheta-</span> 
     </span>
     <span class='ocr_line' id='line_1_15' title="bbox 993 2009 2581 2066; baseline 0.001 -17"><span class='ocrx_word' id='word_1_119' title='bbox 993 2024 1099 2061; x_wconf 89' lang='lat' dir='ltr'>rum,</span> <span class='ocrx_word' id='word_1_120' title='bbox 1131 2009 1183 2049; x_wconf 93' lang='lat' dir='ltr'>ad</span> <span class='ocrx_word' id='word_1_121' title='bbox 1216 2009 1444 2050; x_wconf 88' lang='lat' dir='ltr'>dicendum</span> <span class='ocrx_word' id='word_1_122' title='bbox 1466 2010 1769 2063; x_wconf 87' lang='lat' dir='ltr'>testimonium,</span> <span class='ocrx_word' id='word_1_123' title='bbox 1803 2012 1877 2052; x_wconf 88' lang='lat' dir='ltr'>sed</span> <span class='ocrx_word' id='word_1_124' title='bbox 1907 2011 2138 2066; x_wconf 80' lang='lat' dir='ltr'>prophetae</span> <span class='ocrx_word' id='word_1_125' title='bbox 2160 2010 2299 2052; x_wconf 89' lang='lat' dir='ltr'>verbis</span> <span class='ocrx_word' id='word_1_126' title='bbox 2324 2009 2581 2064; x_wconf 86' lang='lat' dir='ltr'>Apostolum</span> 
     </span>
     <span class='ocr_line' id='line_1_16' title="bbox 995 2082 2583 2137; baseline 0 -14"><span class='ocrx_word' id='word_1_127' title='bbox 995 2090 1198 2137; x_wconf 85' lang='lat' dir='ltr'>tanquam</span> <span class='ocrx_word' id='word_1_128' title='bbox 1225 2083 1310 2124; x_wconf 89' lang='lat' dir='ltr'>suis</span> <span class='ocrx_word' id='word_1_129' title='bbox 1332 2084 1408 2136; x_wconf 90' lang='lat' dir='ltr'>uti,</span> <span class='ocrx_word' id='word_1_130' title='bbox 1431 2084 1492 2125; x_wconf 89' lang='lat' dir='ltr'>ita</span> <span class='ocrx_word' id='word_1_131' title='bbox 1512 2092 1655 2125; x_wconf 86' lang='lat' dir='ltr'>tamen</span> <span class='ocrx_word' id='word_1_132' title='bbox 1678 2092 1726 2126; x_wconf 88' lang='lat' dir='ltr'>ut</span> <span class='ocrx_word' id='word_1_133' title='bbox 1748 2101 1831 2126; x_wconf 90' lang='lat' dir='ltr'>non</span> <span class='ocrx_word' id='word_1_134' title='bbox 1855 2086 2031 2127; x_wconf 86' lang='lat' dir='ltr'>obscure</span> <span class='ocrx_word' id='word_1_135' title='bbox 2062 2085 2211 2126; x_wconf 85' lang='lat' dir='ltr'>innuat</span> <span class='ocrx_word' id='word_1_136' title='bbox 2232 2100 2316 2126; x_wconf 92' lang='lat' dir='ltr'>non</span> <span class='ocrx_word' id='word_1_137' title='bbox 2338 2083 2476 2124; x_wconf 88' lang='lat' dir='ltr'>minus</span> <span class='ocrx_word' id='word_1_138' title='bbox 2497 2082 2583 2123; x_wconf 87' lang='lat' dir='ltr'>late</span> 
     </span>
     <span class='ocr_line' id='line_1_17' title="bbox 995 2157 2585 2213; baseline 0.001 -16"><span class='ocrx_word' id='word_1_139' title='bbox 995 2164 1140 2212; x_wconf 87' lang='lat' dir='ltr'>patere</span> <span class='ocrx_word' id='word_1_140' title='bbox 1162 2157 1323 2212; x_wconf 80' lang='lat' dir='ltr'>gratiae</span> <span class='ocrx_word' id='word_1_141' title='bbox 1344 2158 1627 2212; x_wconf 88' lang='lat' dir='ltr'>praeconium,</span> <span class='ocrx_word' id='word_1_142' title='bbox 1661 2174 1787 2213; x_wconf 89' lang='lat' dir='ltr'>quam</span> <span class='ocrx_word' id='word_1_143' title='bbox 1808 2166 1997 2211; x_wconf 87' lang='lat' dir='ltr'>naturae,</span> <span class='ocrx_word' id='word_1_144' title='bbox 2030 2159 2157 2213; x_wconf 86' lang='lat' dir='ltr'>idque</span> <span class='ocrx_word' id='word_1_145' title='bbox 2184 2174 2236 2200; x_wconf 81' lang='lat' dir='ltr'>ex</span> <span class='ocrx_word' id='word_1_146' title='bbox 2257 2158 2469 2200; x_wconf 90' lang='lat' dir='ltr'>sententia</span> <span class='ocrx_word' id='word_1_147' title='bbox 2488 2172 2585 2212; x_wconf 92' lang='lat' dir='ltr'>pro-</span> 
     </span>
     <span class='ocr_line' id='line_1_18' title="bbox 996 2231 2585 2288; baseline 0 -16"><span class='ocrx_word' id='word_1_148' title='bbox 996 2231 1164 2286; x_wconf 83' lang='lat' dir='ltr'>phetae.</span> <span class='ocrx_word' id='word_1_149' title='bbox 1224 2231 1294 2272; x_wconf 83' lang='lat' dir='ltr'>Ex</span> <span class='ocrx_word' id='word_1_150' title='bbox 1316 2247 1399 2286; x_wconf 86' lang='lat' dir='ltr'>quo</span> <span class='ocrx_word' id='word_1_151' title='bbox 1422 2232 1626 2287; x_wconf 87' lang='lat' dir='ltr'>sequitur,</span> <span class='ocrx_word' id='word_1_152' title='bbox 1655 2248 1738 2274; x_wconf 92' lang='lat' dir='ltr'>non</span> <span class='ocrx_word' id='word_1_153' title='bbox 1761 2233 1949 2288; x_wconf 86' lang='lat' dir='ltr'>potuisse</span> <span class='ocrx_word' id='word_1_154' title='bbox 1970 2232 2161 2274; x_wconf 79' lang='lat' dir='ltr'>Judaeos</span> <span class='ocrx_word' id='word_1_155' title='bbox 2183 2248 2267 2274; x_wconf 93' lang='lat' dir='ltr'>non</span> <span class='ocrx_word' id='word_1_156' title='bbox 2289 2232 2447 2284; x_wconf 88' lang='lat' dir='ltr'>audire,</span> <span class='ocrx_word' id='word_1_157' title='bbox 2470 2231 2585 2286; x_wconf 89' lang='lat' dir='ltr'>quod</span> 
     </span>
     <span class='ocr_line' id='line_1_19' title="bbox 996 2305 2584 2361; baseline -0.001 -15"><span class='ocrx_word' id='word_1_158' title='bbox 996 2305 1151 2360; x_wconf 85' lang='lat' dir='ltr'>passim</span> <span class='ocrx_word' id='word_1_159' title='bbox 1175 2312 1217 2346; x_wconf 89' lang='lat' dir='ltr'>et</span> <span class='ocrx_word' id='word_1_160' title='bbox 1238 2305 1282 2345; x_wconf 93' lang='lat' dir='ltr'>in</span> <span class='ocrx_word' id='word_1_161' title='bbox 1310 2306 1469 2347; x_wconf 90' lang='lat' dir='ltr'>mundo</span> <span class='ocrx_word' id='word_1_162' title='bbox 1497 2306 1833 2360; x_wconf 85' lang='lat' dir='ltr'>praedicabatur.</span> <span class='ocrx_word' id='word_1_163' title='bbox 1894 2306 2045 2348; x_wconf 85' lang='lat' dir='ltr'>Altera</span> <span class='ocrx_word' id='word_1_164' title='bbox 2068 2306 2250 2360; x_wconf 88' lang='lat' dir='ltr'>objectio</span> <span class='ocrx_word' id='word_1_165' title='bbox 2281 2321 2356 2361; x_wconf 88' lang='lat' dir='ltr'>pro</span> <span class='ocrx_word' id='word_1_166' title='bbox 2377 2305 2409 2348; x_wconf 85' lang='lat' dir='ltr'>J</span> <span class='ocrx_word' id='word_1_167' title='bbox 2413 2305 2584 2347; x_wconf 86' lang='lat' dir='ltr'>udaeis:</span> 
     </span>
     <span class='ocr_line' id='line_1_20' title="bbox 998 2378 2585 2434; baseline 0 -15"><span class='ocrx_word' id='word_1_168' title='bbox 998 2379 1136 2434; x_wconf 83' lang='lat' dir='ltr'>Finge</span> <span class='ocrx_word' id='word_1_169' title='bbox 1158 2378 1251 2420; x_wconf 90' lang='lat' dir='ltr'>illos</span> <span class='ocrx_word' id='word_1_170' title='bbox 1273 2379 1498 2431; x_wconf 84' lang='lat' dir='ltr'>audivisse,</span> <span class='ocrx_word' id='word_1_171' title='bbox 1521 2386 1565 2420; x_wconf 89' lang='lat' dir='ltr'>at</span> <span class='ocrx_word' id='word_1_172' title='bbox 1585 2380 1773 2421; x_wconf 88' lang='lat' dir='ltr'>nondum</span> <span class='ocrx_word' id='word_1_173' title='bbox 1795 2380 2097 2422; x_wconf 82' lang='lat' dir='ltr'>intellexerunt</span> <span class='ocrx_word' id='word_1_174' title='bbox 2119 2387 2285 2421; x_wconf 86' lang='lat' dir='ltr'>tantum</span> <span class='ocrx_word' id='word_1_175' title='bbox 2309 2379 2556 2434; x_wconf 83' lang='lat' dir='ltr'>mysterium</span> <span class='ocrx_word' id='word_1_176' title='bbox 2574 2394 2585 2427; x_wconf 88' lang='lat'>;</span> 
     </span>
     <span class='ocr_line' id='line_1_21' title="bbox 999 2453 2588 2508; baseline -0.001 -14"><span class='ocrx_word' id='word_1_177' title='bbox 999 2469 1128 2508; x_wconf 90' lang='lat' dir='ltr'>quare</span> <span class='ocrx_word' id='word_1_178' title='bbox 1150 2454 1304 2494; x_wconf 85' lang='lat' dir='ltr'>nimiae</span> <span class='ocrx_word' id='word_1_179' title='bbox 1336 2453 1574 2495; x_wconf 86' lang='lat' dir='ltr'>severitatis</span> <span class='ocrx_word' id='word_1_180' title='bbox 1606 2454 1732 2495; x_wconf 86' lang='lat' dir='ltr'>fuerit</span> <span class='ocrx_word' id='word_1_181' title='bbox 1754 2454 1807 2495; x_wconf 90' lang='lat' dir='ltr'>ob</span> <span class='ocrx_word' id='word_1_182' title='bbox 1828 2469 1940 2496; x_wconf 88' lang='lat' dir='ltr'>nunc</span> <span class='ocrx_word' id='word_1_183' title='bbox 1969 2454 2151 2508; x_wconf 87' lang='lat' dir='ltr'>primum</span> <span class='ocrx_word' id='word_1_184' title='bbox 2172 2453 2378 2506; x_wconf 84' lang='lat' dir='ltr'>auditum,</span> <span class='ocrx_word' id='word_1_185' title='bbox 2411 2459 2454 2494; x_wconf 92' lang='lat' dir='ltr'>et</span> <span class='ocrx_word' id='word_1_186' title='bbox 2484 2467 2588 2495; x_wconf 87' lang='lat' dir='ltr'>non-</span> 
     </span>
     <span class='ocr_line' id='line_1_22' title="bbox 1002 2527 2587 2584; baseline -0.001 -16"><span class='ocrx_word' id='word_1_187' title='bbox 1002 2528 1104 2568; x_wconf 88' lang='lat' dir='ltr'>dum</span> <span class='ocrx_word' id='word_1_188' title='bbox 1124 2527 1388 2569; x_wconf 89' lang='lat' dir='ltr'>intellectum</span> <span class='ocrx_word' id='word_1_189' title='bbox 1410 2528 1622 2580; x_wconf 88' lang='lat' dir='ltr'>nuntium,</span> <span class='ocrx_word' id='word_1_190' title='bbox 1652 2528 1736 2569; x_wconf 90' lang='lat' dir='ltr'>Dei</span> <span class='ocrx_word' id='word_1_191' title='bbox 1757 2529 1959 2584; x_wconf 89' lang='lat' dir='ltr'>populum</span> <span class='ocrx_word' id='word_1_192' title='bbox 1982 2529 2193 2569; x_wconf 88' lang='lat' dir='ltr'>damnare.</span> <span class='ocrx_word' id='word_1_193' title='bbox 2254 2528 2383 2583; x_wconf 82' lang='lat' dir='ltr'>Resp.</span> <span class='ocrx_word' id='word_1_194' title='bbox 2405 2527 2587 2582; x_wconf 88' lang='lat' dir='ltr'>primum</span> 
     </span>
     <span class='ocr_line' id='line_1_23' title="bbox 1004 2601 2588 2657; baseline 0.001 -15"><span class='ocrx_word' id='word_1_195' title='bbox 1004 2617 1055 2643; x_wconf 85' lang='lat' dir='ltr'>ex</span> <span class='ocrx_word' id='word_1_196' title='bbox 1077 2602 1238 2653; x_wconf 85' lang='lat' dir='ltr'>Mosae,</span> <span class='ocrx_word' id='word_1_197' title='bbox 1262 2601 1415 2643; x_wconf 87' lang='lat' dir='ltr'>deinde</span> <span class='ocrx_word' id='word_1_198' title='bbox 1447 2616 1498 2643; x_wconf 87' lang='lat' dir='ltr'>ex</span> <span class='ocrx_word' id='word_1_199' title='bbox 1520 2602 1650 2643; x_wconf 81' lang='lat' dir='ltr'>Esaia</span> <span class='ocrx_word' id='word_1_200' title='bbox 1677 2603 1929 2657; x_wconf 86' lang='lat' dir='ltr'>mysterium</span> <span class='ocrx_word' id='word_1_201' title='bbox 1957 2603 2037 2644; x_wconf 91' lang='lat' dir='ltr'>hoc</span> <span class='ocrx_word' id='word_1_202' title='bbox 2059 2603 2111 2644; x_wconf 86' lang='lat' dir='ltr'>de</span> <span class='ocrx_word' id='word_1_203' title='bbox 2132 2602 2325 2657; x_wconf 75' lang='lat' dir='ltr'>gentium</span> <span class='ocrx_word' id='word_1_204' title='bbox 2353 2601 2588 2654; x_wconf 88' lang='lat' dir='ltr'>vocatione,</span> 
     </span>
     <span class='ocr_line' id='line_1_24' title="bbox 1004 2675 2589 2732; baseline -0.001 -14"><span class='ocrx_word' id='word_1_205' title='bbox 1004 2684 1047 2718; x_wconf 87' lang='lat' dir='ltr'>et</span> <span class='ocrx_word' id='word_1_206' title='bbox 1078 2676 1306 2730; x_wconf 83' lang='lat' dir='ltr'>rejectione</span> <span class='ocrx_word' id='word_1_207' title='bbox 1328 2676 1360 2718; x_wconf 83' lang='lat' dir='ltr'>J</span> <span class='ocrx_word' id='word_1_208' title='bbox 1365 2676 1607 2729; x_wconf 89' lang='lat' dir='ltr'>udaeorum,</span> <span class='ocrx_word' id='word_1_209' title='bbox 1640 2684 1683 2718; x_wconf 88' lang='lat' dir='ltr'>et</span> <span class='ocrx_word' id='word_1_210' title='bbox 1707 2677 1797 2730; x_wconf 87' lang='lat' dir='ltr'>jam</span> <span class='ocrx_word' id='word_1_211' title='bbox 1825 2677 1989 2732; x_wconf 86' lang='lat' dir='ltr'>pridem</span> <span class='ocrx_word' id='word_1_212' title='bbox 2020 2677 2280 2718; x_wconf 90' lang='lat' dir='ltr'>innotuisse:</span> <span class='ocrx_word' id='word_1_213' title='bbox 2312 2691 2410 2717; x_wconf 90' lang='lat' dir='ltr'>nam</span> <span class='ocrx_word' id='word_1_214' title='bbox 2431 2675 2589 2727; x_wconf 88' lang='lat' dir='ltr'>Moses,</span> 
     </span>
     <span class='ocr_line' id='line_1_25' title="bbox 1005 2749 2592 2806; baseline 0 -16"><span class='ocrx_word' id='word_1_215' title='bbox 1005 2751 1136 2792; x_wconf 89' lang='lat' dir='ltr'>Deut.</span> <span class='ocrx_word' id='word_1_216' title='bbox 1158 2750 1290 2790; x_wconf 84' lang='lat' dir='ltr'>xxxii.</span> <span class='ocrx_word' id='word_1_217' title='bbox 1312 2750 1355 2790; x_wconf 88' lang='lat' dir='ltr'>in</span> <span class='ocrx_word' id='word_1_218' title='bbox 1378 2750 1522 2792; x_wconf 89' lang='lat' dir='ltr'>divino</span> <span class='ocrx_word' id='word_1_219' title='bbox 1544 2751 1728 2792; x_wconf 87' lang='lat' dir='ltr'>carmine</span> <span class='ocrx_word' id='word_1_220' title='bbox 1749 2751 1891 2792; x_wconf 88' lang='lat' dir='ltr'>Deum</span> <span class='ocrx_word' id='word_1_221' title='bbox 1922 2751 2166 2806; x_wconf 89' lang='lat' dir='ltr'>loquentem</span> <span class='ocrx_word' id='word_1_222' title='bbox 2187 2750 2365 2803; x_wconf 87' lang='lat' dir='ltr'>inducit,</span> <span class='ocrx_word' id='word_1_223' title='bbox 2397 2756 2441 2792; x_wconf 88' lang='lat' dir='ltr'>et</span> <span class='ocrx_word' id='word_1_224' title='bbox 2461 2749 2592 2791; x_wconf 87' lang='lat' dir='ltr'>inter-</span> 
     </span>
     <span class='ocr_line' id='line_1_26' title="bbox 1005 2823 2592 2866; baseline 0 -2"><span class='ocrx_word' id='word_1_225' title='bbox 1005 2824 1238 2865; x_wconf 85' lang='lat' dir='ltr'>minantem</span> <span class='ocrx_word' id='word_1_226' title='bbox 1256 2839 1299 2865; x_wconf 91' lang='lat' dir='ltr'>se</span> <span class='ocrx_word' id='word_1_227' title='bbox 1312 2823 1345 2866; x_wconf 83' lang='lat' dir='ltr'><strong>J</strong></span> <span class='ocrx_word' id='word_1_228' title='bbox 1347 2825 1504 2866; x_wconf 89' lang='lat' dir='ltr'>udaeos</span> <span class='ocrx_word' id='word_1_229' title='bbox 1520 2824 1697 2866; x_wconf 89' lang='lat' dir='ltr'>rebelles</span> <span class='ocrx_word' id='word_1_230' title='bbox 1716 2824 1923 2866; x_wconf 87' lang='lat' dir='ltr'>Gentium</span> <span class='ocrx_word' id='word_1_231' title='bbox 1941 2825 2182 2866; x_wconf 87' lang='lat' dir='ltr'>obedientia</span> <span class='ocrx_word' id='word_1_232' title='bbox 2197 2825 2251 2865; x_wconf 86' lang='lat' dir='ltr'>ad</span> <span class='ocrx_word' id='word_1_233' title='bbox 2267 2824 2592 2866; x_wconf 82' lang='lat' dir='ltr'>aemulationem</span> 
     </span>
     <span class='ocr_line' id='line_1_27' title="bbox 1006 2896 2593 2954; baseline -0.002 -14"><span class='ocrx_word' id='word_1_234' title='bbox 1006 2905 1346 2954; x_wconf 86' lang='lat' dir='ltr'>provocaturum.</span> <span class='ocrx_word' id='word_1_235' title='bbox 1408 2898 1558 2939; x_wconf 88' lang='lat' dir='ltr'>Esaias</span> <span class='ocrx_word' id='word_1_236' title='bbox 1580 2913 1679 2940; x_wconf 89' lang='lat' dir='ltr'>vero</span> <span class='ocrx_word' id='word_1_237' title='bbox 1709 2899 1809 2951; x_wconf 65' lang='lat' dir='ltr'>lxv„</span> <span class='ocrx_word' id='word_1_238' title='bbox 1839 2914 1994 2954; x_wconf 80' lang='lat' dir='ltr'>magna</span> <span class='ocrx_word' id='word_1_239' title='bbox 2014 2914 2109 2940; x_wconf 89' lang='lat' dir='ltr'>cum</span> <span class='ocrx_word' id='word_1_240' title='bbox 2130 2898 2297 2951; x_wconf 85' lang='lat' dir='ltr'>fiducia,</span> <span class='ocrx_word' id='word_1_241' title='bbox 2329 2905 2417 2939; x_wconf 88' lang='lat' dir='ltr'>tam</span> <span class='ocrx_word' id='word_1_242' title='bbox 2437 2898 2491 2938; x_wconf 88' lang='lat' dir='ltr'>de</span> <span class='ocrx_word' id='word_1_243' title='bbox 2511 2896 2593 2938; x_wconf 80' lang='lat' dir='ltr'>Ju-</span> 
     </span>
     <span class='ocr_line' id='line_1_28' title="bbox 1007 2970 2592 3028; baseline -0.002 -14"><span class='ocrx_word' id='word_1_244' title='bbox 1007 2972 1135 3025; x_wconf 88' lang='lat' dir='ltr'>daeis,</span> <span class='ocrx_word' id='word_1_245' title='bbox 1158 2987 1285 3027; x_wconf 86' lang='lat' dir='ltr'>quam</span> <span class='ocrx_word' id='word_1_246' title='bbox 1308 2971 1521 3015; x_wconf 83' lang='lat' dir='ltr'>Gentibus</span> <span class='ocrx_word' id='word_1_247' title='bbox 1545 2972 1764 3014; x_wconf 88' lang='lat' dir='ltr'>Christum</span> <span class='ocrx_word' id='word_1_248' title='bbox 1792 2973 2034 3028; x_wconf 85' lang='lat' dir='ltr'>loquentem</span> <span class='ocrx_word' id='word_1_249' title='bbox 2058 2972 2234 3025; x_wconf 87' lang='lat' dir='ltr'>inducit,</span> <span class='ocrx_word' id='word_1_250' title='bbox 2251 2972 2398 3012; x_wconf 88' lang='lat' dir='ltr'>harum</span> <span class='ocrx_word' id='word_1_251' title='bbox 2421 2970 2592 3025; x_wconf 89' lang='lat' dir='ltr'>quidem</span> 
     </span>
     <span class='ocr_line' id='line_1_29' title="bbox 1009 3044 2593 3102; baseline -0.002 -14"><span class='ocrx_word' id='word_1_252' title='bbox 1009 3047 1061 3089; x_wconf 91' lang='lat' dir='ltr'>de</span> <span class='ocrx_word' id='word_1_253' title='bbox 1091 3046 1320 3102; x_wconf 89' lang='lat' dir='ltr'>improviso</span> <span class='ocrx_word' id='word_1_254' title='bbox 1350 3062 1428 3089; x_wconf 86' lang='lat' dir='ltr'>nec</span> <span class='ocrx_word' id='word_1_255' title='bbox 1459 3046 1675 3102; x_wconf 88' lang='lat' dir='ltr'>opinatam</span> <span class='ocrx_word' id='word_1_256' title='bbox 1706 3047 1971 3089; x_wconf 89' lang='lat' dir='ltr'>vocationem</span> <span class='ocrx_word' id='word_1_257' title='bbox 2008 3054 2050 3088; x_wconf 87' lang='lat' dir='ltr'>et</span> <span class='ocrx_word' id='word_1_258' title='bbox 2085 3044 2393 3101; x_wconf 86' lang='lat' dir='ltr'>repiscentiam,</span> <span class='ocrx_word' id='word_1_259' title='bbox 2426 3044 2593 3086; x_wconf 89' lang='lat' dir='ltr'>illorum</span> 
     </span>
     <span class='ocr_line' id='line_1_30' title="bbox 1007 3118 2311 3176; baseline -0.003 -13"><span class='ocrx_word' id='word_1_260' title='bbox 1007 3136 1109 3163; x_wconf 89' lang='lat' dir='ltr'>vero</span> <span class='ocrx_word' id='word_1_261' title='bbox 1131 3120 1392 3176; x_wconf 87' lang='lat' dir='ltr'>deploratam</span> <span class='ocrx_word' id='word_1_262' title='bbox 1412 3120 1722 3164; x_wconf 82' lang='lat' dir='ltr'>contumaciam</span> <span class='ocrx_word' id='word_1_263' title='bbox 1743 3120 1907 3163; x_wconf 84' lang='lat' dir='ltr'>duobus</span> <span class='ocrx_word' id='word_1_264' title='bbox 1929 3120 2088 3162; x_wconf 88' lang='lat' dir='ltr'>ultimis</span> <span class='ocrx_word' id='word_1_265' title='bbox 2110 3118 2311 3162; x_wconf 83' lang='lat' dir='ltr'>versibus.</span> 
     </span>
    </p>
   </div>
   <div class='ocr_carea' id='block_1_3' title="bbox 0 0 2912 4368">
    <p class='ocr_par' dir='ltr' id='par_1_3' title="bbox 0 0 2912 4368">
     <span class='ocr_line' id='line_1_31' title="bbox 0 0 2912 4368; baseline 0 0"><span class='ocrx_word' id='word_1_266' title='bbox 0 0 2912 4368; x_wconf 95' lang='lat' dir='ltr'> </span> 
     </span>
    </p>
   </div>
  </div>
 </body>
</html>
