1887 3188
213 242 297 283 466
816 252 1198 294 COMMENTARIUS,

217 371 378 414 buntur
398 386 548 415 causae
580 377 624 413 et
652 370 792 413 effecti
813 372 1088 428 argumentis.
1150 371 1290 414 Causa
1318 371 1430 413 enim
1458 370 1803 415 sanctificationis

218 453 282 489 est
298 452 443 488 nostra
459 461 554 488 cum
573 445 744 488 Christo
758 446 870 499 unio,
889 462 1014 501 quam
1028 447 1096 488 hic
1114 446 1320 501 expressit
1333 446 1472 488 verbis
1489 442 1572 490 τοῖς
1587 438 1621 484 ὲν
1638 439 1803 501 Χξιστῷ

221 519 332 576 (sub.
350 511 473 575 οὖσι,)
493 521 566 575 qui
587 527 686 562 sunt
699 521 744 562 in
759 520 943 574 Christo,
962 522 1076 576 quod
1092 521 1369 576 complantati
1389 537 1486 563 cum
1503 536 1552 563 eo
1569 520 1803 563 coaluerint

217 594 549 637 conformatione
566 595 713 636 mortis
736 602 778 636 et
795 595 1112 636 resurrectionis
1133 595 1278 649 ipsius.
1337 595 1420 637 Est
1440 596 1572 651 igitur
1588 594 1802 637 conclusio

214 668 333 710 illata
354 684 407 710 ex
426 669 618 725 proxima
641 669 928 724 disputatione
951 669 1003 710 de
1026 668 1358 710 sanctificatione
1381 676 1423 710 et
1443 669 1558 711 lucta
1579 668 1801 724 spirituali,

215 757 294 785 nec
308 749 396 784 tam
412 743 497 784 alte
512 742 706 798 repetita,
724 748 773 783 ut
789 742 860 782 alii
877 742 1038 795 volunt,
1057 757 1081 782 a
1091 741 1407 796 justificationis
1424 742 1634 791 doctrina3
1657 757 1803 796 quam-

217 832 344 872 quam
366 823 409 858 et
423 816 773 871 justificationem
794 816 997 868 includat,
1021 822 1063 857 et
1084 822 1397 870 praesupponat
1411 815 1803 868 sanctificationem,

216 906 314 933 cum
333 890 438 932 haec
455 890 510 932 sit
526 890 637 931 illius
660 890 859 932 effectum
876 896 950 930 aut
970 904 1171 945 germana
1187 904 1315 942 soror,
1338 895 1381 931 et
1398 904 1537 931 comes
1558 889 1801 938 individua3

215 979 424 1019 nusquam
446 964 556 1006 enim
580 964 859 1006 sanctificatio
882 963 971 1005 sine
986 963 1306 1017 justificatione.
1367 962 1632 1006 Sanctificati
1657 962 1803 1018 igitur,

216 1039 374 1093 quique
394 1038 490 1080 ideo
512 1044 656 1080 sancte
679 1038 843 1091 vivunt,
876 1044 976 1079 sunt
1008 1044 1128 1079 extra
1156 1052 1279 1079 omne
1308 1036 1670 1079 condemnationis
1695 1035 1805 1092 peri-

215 1113 371 1155 culum.
431 1112 560 1154 Ratio
591 1111 795 1166 sequitur,
827 1127 867 1153 v.
895 1113 934 1164 2,
967 1111 1067 1165 quia
1096 1127 1172 1166 per
1204 1111 1422 1153 Christum
1452 1110 1620 1152 liberati
1650 1116 1750 1152 sunt
1780 1125 1806 1153 a

214 1186 309 1242 lege
330 1186 495 1241 peccati
517 1192 560 1227 et
581 1185 742 1227 mortis.
802 1185 1010 1237 Liberati,
1032 1185 1059 1225 i.
1083 1200 1118 1226 e.
1141 1192 1371 1240 caeperunt
1391 1185 1572 1236 liberari,
1595 1191 1639 1227 et
1659 1184 1806 1226 certis-

215 1260 319 1302 sime
353 1260 523 1315 plenam
554 1259 850 1301 liberationem
883 1265 1196 1313 consequentur
1229 1258 1316 1314 (hic
1350 1258 1462 1300 enim
1493 1274 1594 1300 usus
1633 1258 1805 1314 linguae

216 1341 400 1387 sanctae,
415 1340 464 1375 ut
478 1334 593 1388 quod
606 1340 804 1388 coeptum
819 1333 887 1386 sit,
903 1333 1070 1374 dicatur
1081 1333 1254 1386 factum,
1272 1333 1326 1374 ad
1340 1334 1624 1375 denotandam
1639 1333 1807 1375 futurae

214 1408 486 1464 perfectionis
522 1407 836 1459 certitudinem,
873 1421 981 1461 quae
1019 1421 1216 1461 expresse
1251 1406 1436 1461 ponitur,
1470 1422 1511 1448 v.
1542 1408 1605 1462 4.)
1647 1423 1672 1448 a
1710 1407 1806 1463 lege

214 1482 392 1538 peccati,
415 1497 440 1523 a
460 1481 504 1524 vi
523 1487 729 1538 peccante
751 1487 794 1522 et
814 1480 980 1536 peccati
1000 1480 1045 1520 in
1065 1480 1186 1521 nobis
1209 1480 1434 1533 effectrice,
1464 1487 1508 1522 et
1527 1480 1623 1535 lege
1643 1480 1805 1534 mortis,

214 1571 323 1612 quae
344 1555 474 1598 visin
502 1571 546 1597 se
567 1555 692 1610 plane
722 1554 930 1596 mortifica
958 1560 1023 1596 est
1052 1561 1095 1596 et
1124 1554 1333 1603 exitialis3
1363 1554 1460 1596 ideo
1490 1570 1615 1610 supra
1635 1554 1806 1598 vocavit

213 1646 307 1673 eam
320 1645 471 1685 corpus
487 1630 648 1682 mortis,
663 1644 688 1670 a
700 1644 784 1683 qua
798 1628 998 1670 flebiliter
1010 1628 1291 1684 ingemiscens
1308 1628 1483 1683 optabat
1495 1628 1804 1671 liberationem.

214 1704 358 1760 Hujus
377 1703 639 1746 liberationis
660 1718 787 1745 causa
809 1709 873 1745 est
893 1702 964 1744 lex
986 1697 1170 1758 Spiritus
1191 1702 1307 1744 vitae
1327 1702 1372 1743 in
1395 1702 1567 1745 Christo
1582 1702 1695 1756 Iesu,
1716 1703 1745 1745 i.
1767 1719 1804 1746 e.

214 1779 279 1822 vis
310 1778 539 1835 spiritualis
568 1784 612 1820 et
632 1777 774 1820 vitalis
797 1776 961 1819 Christi
989 1792 1013 1818 a
1033 1777 1212 1819 mortuis
1239 1776 1432 1830 redivivi,
1464 1792 1573 1832 quae
1602 1792 1679 1820 nos
1699 1777 1807 1825 vivi-

213 1852 326 1906 ficat,
358 1859 402 1895 et
433 1852 675 1908 spirituales
705 1851 861 1905 reddit,
891 1857 941 1893 ut
971 1867 1126 1893 novam
1154 1851 1288 1893 vitam
1309 1851 1466 1904 vivere,
1499 1857 1542 1893 et
1573 1851 1807 1902 secundum

216 1926 425 1982 Spiritum
437 1926 632 1968 incedere
650 1925 864 1968 valeamus
878 1941 889 1974 3
921 1939 1030 1980 quae
1048 1925 1110 1967 vis
1127 1940 1213 1967 non
1229 1931 1294 1967 est
1309 1925 1540 1980 repetenda
1556 1941 1582 1966 a
1596 1931 1807 1981 conceptu

216 1999 391 2054 Christi,
429 2000 504 2042 sed
534 2015 559 2042 a
593 1998 914 2051 resurrectione,
949 1990 992 2040 et
1023 1998 1127 2042 haec
1157 1999 1328 2041 videtur
1361 1999 1445 2052 illa,
1477 2014 1604 2054 quam
1636 1999 1807 2047 vocavit

214 2072 293 2116 sub
333 2072 462 2115 finem
502 2088 593 2128 cap.
629 2074 668 2126 4,
705 2065 912 2111 δικαίωσιν
948 2066 1057 2128 ἡμῶν
1090 2080 1286 2128 respectu
1321 2072 1489 2115 flaturae
1520 2072 1806 2128 perfectionis,

214 2145 348 2198 Haud
369 2146 455 2188 scio
476 2161 530 2188 an
550 2146 655 2189 haec
677 2147 732 2188 sit
752 2147 824 2188 illa
845 2162 936 2202 cap.
953 2163 994 2190 v.
1017 2162 1144 2202 quam
1165 2153 1290 2189 vocat
1313 2139 1520 2186 δικαίωσιν
1547 2139 1664 2202 ζωῆς,
1687 2146 1808 2203 quasi

207 2219 559 2276 justificationem
578 2220 755 2263 vitalem·
774 2226 903 2276 atque
925 2220 1149 2275 vivificam,
1172 2222 1292 2276 cujus
1321 2221 1506 2263 efficacia
1525 2236 1612 2263 non
1630 2235 1707 2276 per
1725 2220 1804 2262 im-

213 2294 494 2351 putationem,
530 2295 606 2337 sed
639 2294 931 2337 inhaesionem
965 2294 1114 2348 sancti,
1151 2301 1281 2350 atque
1311 2295 1417 2337 adeo
1446 2293 1555 2349 justi
1585 2293 1802 2336 efficimur.

213 2368 362 2424 Atque
382 2368 497 2410 haud
513 2368 612 2422 scio,
635 2383 690 2410 an
703 2368 844 2423 justos
865 2368 1070 2411 constitui
1091 2369 1241 2411 eodem
1261 2383 1352 2423 cap.
1368 2383 1410 2410 v.
1430 2367 1510 2409 hoc
1527 2366 1656 2410 etiam
1677 2383 1804 2412 sensu

214 2442 385 2495 dixerit,
414 2449 458 2485 et
479 2443 563 2491 duo
586 2442 748 2485 Christi
767 2442 973 2485 beneficia
994 2442 1158 2485 duobus
1178 2441 1338 2484 Adami
1357 2440 1573 2483 maleficiis
1594 2441 1807 2495 contraria

214 2516 495 2571 conjunxerit,
527 2532 706 2572 quorum
727 2516 844 2572 prius
867 2516 1132 2571 justificatio,
1162 2514 1372 2571 posterius
1402 2514 1458 2557 sit
1484 2515 1589 2557 haec
1619 2515 1806 2558 sanctifi-

213 2589 350 2640 catio3
382 2589 486 2632 haec
507 2590 770 2646 corruptioni
789 2597 980 2643 naturae,
1001 2590 1074 2632 illa
1093 2588 1437 2632 condemnationi
1457 2604 1510 2631 ex
1530 2595 1652 2631 reatu
1673 2604 1804 2646 oppo-

214 2661 310 2706 sita.
367 2662 533 2708 Verum
561 2663 669 2716 haec
697 2663 878 2720 amplius
909 2663 1194 2719 disquirenda,
1225 2677 1304 2704 nec
1339 2662 1612 2719 incompertis
1642 2670 1806 2718 temere

211 2735 544 2794 assentiendum,
567 2737 642 2793 sed
662 2736 800 2791 sobrie
815 2737 1211 2793 philosophandum.
1270 2735 1364 2779 Nos
1381 2737 1424 2779 vi
1440 2736 1629 2793 Spiritus
1641 2735 1804 2788 Christi

212 2809 517 2868 sanctificantis
543 2810 668 2867 plene
694 2809 920 2864 liberatum
945 2810 1010 2863 iri,
1039 2816 1088 2862 ut
1112 2810 1205 2864 jam
1228 2811 1443 2867 caepimus
1471 2810 1641 2854 liberari
1660 2826 1686 2862 a
1704 2810 1806 2868 lege,

209 2883 376 2940 peccati
396 2891 440 2928 et-
460 2883 622 2938 mortis,
652 2883 680 2926 i.
703 2898 740 2926 e.
762 2883 806 2926 vi
827 2883 1065 2940 peccatrice
1092 2889 1136 2926 et
1163 2883 1391 2939 mortifera,
1418 2884 1572 2941 probat
1595 2899 1622 2937 a
1647 2883 1801 2939 causis,
