1887 3188
785 228 1006 258 ELENCHI.
1608 216 1691 258 401

94 359 139 395 et
159 352 290 395 verba
311 350 402 407 ipsa
423 363 644 391 excessum
662 346 916 403 significent,
935 354 978 389 et
994 347 1227 403 propositio
1248 346 1304 389 sit
1326 346 1418 399 alia,
1437 353 1565 402 atque
1587 347 1694 389 alius

95 427 224 470 modi.
295 425 501 480 Superest
532 430 581 465 ut
610 428 800 464 nostram
841 421 1252 477 interpretationem,
1289 421 1358 463 vel
1393 420 1518 462 Pauli
1550 421 1694 477 potius

94 508 296 553 mentem,
317 500 602 547 illustremus3
635 512 733 538 nam
754 503 804 538 ut
824 511 1034 552 nusquam
1056 495 1156 537 alibi
1178 495 1222 536 in
1244 510 1338 537 eam
1360 494 1617 537 sententiam
1634 495 1694 537 sic

93 573 283 629 loquitur
303 572 552 628 Apostolus,
583 571 645 613 ita
665 570 766 613 fidei
786 570 1098 613 incrementum
1124 577 1236 612 esset
1264 569 1344 612 1100
1365 569 1457 611 1000
1479 561 1694 625 ἂπξθςδίῦ·

94 659 219 687 νυσον.
260 648 474 690 Fatentur
481 646 738 702 interpretes
753 646 805 688 de
813 645 985 701 justitia
999 661 1052 687 ex
1064 645 1149 687 fide
1162 645 1242 687 hoc
1251 660 1292 686 v.
1308 646 1374 697 17,
1390 643 1696 700 agiperEvan-

95 724 255 780 gelium
278 722 549 772 conferenda3
572 736 744 764 necesse
767 727 832 763 est
854 736 968 777 ergo,
990 727 1040 763 ut
1054 719 1226 775 justitia
1246 719 1333 762 Dei
1353 719 1409 761 sit
1430 734 1484 761 ex
1503 718 1589 761 fide
1604 718 1697 773 jus-

94 798 204 853 titia,
223 813 276 841 ex
292 798 417 840 Pauli
434 813 560 839 sensu
578 803 621 838 et
638 795 778 838 verbis
795 795 994 848 hocloco,
1013 796 1127 850 quod
1144 810 1231 836 non
1246 801 1409 850 negant
1422 794 1694 849 interpreteS,

95 881 146 916 ut
167 873 223 916 sit
239 873 502 916 constructio
526 863 763 915 δικαιοσύνη
783 865 870 910 θεοῦ
887 865 909 917 ἡ
928 864 973 910 ἐκ
990 881 1179 918 mertem,
1198 860 1297 909 κατ’
1319 862 1508 921 ἔλλειψιν
1529 869 1698 912 articuli

92 947 219 990 Rom.
250 947 308 989 ix.
340 949 408 1000 30,
441 954 485 989 et
515 962 557 988 x.
592 949 629 1000 6,
661 954 711 988 111
742 946 888 988 divina
917 946 1141 999 humanae,
1178 945 1278 987 fidei
1307 945 1479 1000 justitia
1519 959 1695 1000 operum

86 1022 284 1079 justitiae
301 1021 458 1078 opponi
478 1021 756 1077 intelligatur,
775 1028 818 1063 et
835 1020 1120 1076 Evangelium
1137 1020 1235 1076 legi,
1254 1020 1343 1062 sive
1358 1019 1530 1074 justitia
1550 1019 1696 1061 Evan-

93 1098 231 1154 gelica
251 1097 390 1154 legali.
443 1097 650 1153 Superest
672 1111 773 1154 ergo
790 1097 893 1152 quid
911 1097 965 1138 sit
983 1089 1037 1141 ἐις
1053 1087 1193 1134 πίστιν
1211 1095 1435 1151 explicare.
1477 1093 1697 1150 Superiori

94 1187 221 1215 versu
237 1172 344 1214 dixit
363 1166 417 1218 εἷς
440 1166 650 1228 σωτηρίαν,
673 1173 788 1227 quod
805 1171 908 1227 quid
925 1172 980 1213 sit
993 1186 1118 1213 nemo
1136 1170 1319 1212 dubitat.
1364 1168 1455 1212 Cur
1469 1168 1605 1225 magis
1626 1168 1696 1211 hic

93 1248 352 1290 haerendum
368 1249 386 1289 ⁶?
416 1263 556 1289 annon
579 1241 631 1293 εἷς
656 1239 808 1295 πῖστιν,
833 1246 1090 1303 significabit
1106 1247 1149 1287 in
1165 1245 1234 1287 vel
1250 1247 1306 1286 ad
1319 1244 1479 1286 fidem?
1498 1250 1549 1286 ut
1569 1243 1696 1299 paulo

95 1337 223 1378 supra
243 1315 297 1367 εἰς
321 1313 530 1378 σωτηξῖαν,
553 1322 597 1362 111
615 1322 683 1364 vel
704 1322 757 1363 ad
780 1321 974 1363 salutem.
1027 1320 1186 1363 Sensus
1208 1334 1310 1375 ergo
1327 1324 1392 1360 est
1409 1324 1453 1359 et
1469 1317 1697 1359 verborum

95 1398 371 1450 constructio,
397 1397 429 1439 J
434 1397 582 1439 ustitia
602 1396 700 1450 Dei,
723 1412 832 1452 quae
854 1403 919 1438 est
942 1411 995 1438 ex
1013 1395 1112 1449 fide,
1134 1394 1349 1436 revelatur
1378 1393 1422 1434 in
1442 1392 1697 1448 Evangelio,

94 1472 164 1515 vel
183 1487 260 1528 per
278 1471 577 1528 Evangelium,
599 1471 644 1512 in
664 1471 806 1525 fidem,
824 1471 893 1513 vel
909 1471 964 1512 ad
978 1470 1120 1523 fidem,
1143 1475 1192 1511 ut
1210 1469 1264 1511 sit
1280 1467 1350 1511 hic
1366 1468 1461 1510 finis
1478 1467 1697 1524 proximus

93 1554 138 1590 et
159 1547 360 1590 effectum
379 1546 785 1603 propinquissimum
808 1545 989 1588 efficacis
1019 1544 1320 1601 patefactionis
1340 1542 1582 1599 Evangelii,
1604 1543 1696 1596 via,-

92 1622 194 1665 fidei
207 1621 473 1678 ingeneratio
486 1621 531 1662 in
544 1620 811 1663 audientium
826 1620 1055 1662 mentibus.
1105 1619 1239 1660 Fides
1252 1618 1504 1674 ingenerata
1516 1616 1698 1672 prehen-

96 1697 162 1739 dit
175 1704 378 1752 tanquam
392 1711 521 1737 manu
530 1695 745 1750 justitiam
761 1695 859 1749 Dei,
877 1710 986 1750 quae
1003 1700 1068 1736 est
1086 1708 1139 1735 ex
1154 1693 1252 1746 fide,
1270 1699 1399 1748 atque
1415 1691 1496 1734 1100
1514 1697 1580 1734 001
1593 1691 1698 1733 alte-

97 1786 193 1814 rum
214 1770 415 1814 effectum
442 1770 677 1827 praedic-ati
698 1770 927 1826 Evangelii
944 1785 954 1811 ε
986 1768 1152 1812 confert
1173 1784 1273 1824 ergo
1294 1767 1531 1810 revelatum
1552 1766 1698 1808 Evan-

97 1846 256 1904 gelium
277 1846 414 1902 primo
434 1845 576 1899 fidem,
598 1845 753 1887 deinde
774 1860 850 1901 per
869 1844 998 1886 fidem
1023 1842 1238 1899 justitiam
1258 1841 1360 1884 fidei
1378 1858 1388 1884 ε
1419 1857 1560 1897 neque
1581 1840 1696 1883 enim

97 1936 175 1964 nos
196 1921 321 1964 aliter
340 1935 490 1976 capere
521 1927 596 1962 aut
626 1919 819 1962 obtinere
845 1919 1061 1974 justitiam
1082 1933 1135 1961 ex
1155 1917 1254 1972 fide,
1275 1917 1346 1960 vel
1365 1916 1467 1960 fidei
1481 1913 1699 1972 justitiam

96 2010 334 2053 possumus,
352 2011 480 2051 quam
494 1995 745 2052 ingenerata
764 1994 886 2036 nobis
902 2009 978 2050 per
992 1993 1280 2049 Evangelium
1295 1992 1380 2034 fide
1397 2008 1407 2041 3
1430 2007 1472 2048 q.
1493 1992 1535 2033 d.
1556 1991 1699 2047 Apos-

97 2071 225 2125 tolus,
238 2070 524 2127 Evangelium
538 2069 794 2112 conferendo
801 2069 930 2111 fidem
944 2069 1110 2111 confert
1116 2067 1332 2123 justitiam
1340 2082 1448 2123 quae
1457 2072 1522 2109 est
1531 2082 1585 2109 ex
1591 2066 1697 2109 fide:

96 2146 230 2203 Ergo,
246 2144 533 2201 Evangelium
546 2144 712 2187 confert
728 2144 922 2198 salutem,
937 2143 1026 2187 sive
1040 2150 1105 2186 est
1118 2142 1313 2199 potentia
1325 2142 1412 2185 Dei
1428 2143 1482 2184 ad
1496 2142 1696 2191 salutem3

97 2220 169 2266 vel
187 2220 474 2277 Evangelium
496 2226 562 2261 est
583 2218 733 2261 efficax
762 2219 818 2261 ad
836 2217 938 2260 fidei
960 2217 1189 2273 justitiam,
1210 2217 1330 2274 Ergo
1352 2223 1396 2259 et
1426 2217 1482 2258 ad
1502 2215 1698 2258 salutem.

99 2295 249 2351 Atque
269 2295 375 2338 haec
395 2293 624 2351 Evangelii
645 2293 832 2336 efficacia
851 2293 907 2335 ad
932 2292 1232 2336 conferendam
1248 2291 1477 2347 justitiam,
1497 2290 1606 2347 10810
1621 2290 1701 2332 im·-

99 2370 331 2427 potentiae,
353 2384 462 2425 quae
489 2376 559 2412 'est
589 2368 785 2411 inefficax
815 2367 870 2409 ad
899 2382 1077 2423 operum
1100 2366 1330 2422 justitiam,
1357 2364 1516 2422 opponi
1542 2364 1700 2407 intelli-

99 2442 256 2503 gimus.
304 2444 419 2487 Vide
439 2459 549 2500 quae
570 2458 700 2500 supra
717 2443 763 2485 in
777 2442 892 2484 hunc
912 2441 1053 2484 locum
1070 2441 1229 2497 scripta
1244 2447 1359 2483 sunt.
1408 2438 1698 2496 Evangelium

101 2515 206 2575 ergo
225 2517 310 2561 tria
327 2518 518 2561 conferre
538 2518 709 2572 dicitur,
729 2517 872 2570 fidem,
893 2522 939 2559 et
967 2515 1069 2558 fidei
1092 2514 1321 2571 justitiam,
1341 2521 1388 2557 et
1407 2529 1462 2557 ex
1481 2514 1584 2557 fidei
1606 2513 1700 2570 jus·

101 2593 203 2637 titia
222 2592 428 2636 salutem:
459 2593 575 2648 quod
593 2591 844 2649 prophetica
864 2597 1088 2634 sexcentos
1108 2596 1210 2633 ante
1240 2604 1374 2633 annos
1392 2585 1698 2647 praedictione,

103 2679 239 2724 eaque
254 2655 413 2710 sanctis
428 2667 598 2722 prodita
611 2667 759 2721 literis,
774 2665 1064 2710 confirmatur.
1115 2664 1280 2709 “Sicut
1295 2663 1502 2721 scriptum
1516 2670 1596 2718 est,
1607 2663 1700 2719 jus-

102 2749 175 2787 tus
194 2757 250 2785 ex
269 2741 354 2784 fide
373 2740 565 2784 victurus
593 2742 695 2784 est.”
757 2740 928 2795 Quibus
948 2739 1090 2784 verbis
1110 2739 1216 2783 haec
1237 2738 1321 2783 tria
1351 2739 1397 2781 in
1431 2737 1595 2782 Christi
1623 2737 1700 2780 ad·-

104 2824 240 2861 ventu
269 2815 402 2873 gratis
433 2830 511 2871 per
543 2815 829 2872 Evangelium
863 2814 1106 2858 exhibenda
1138 2814 1405 2871 praedictum
1435 2812 1545 2855 fuit:
1579 2811 1696 2854 Nam

103 2899 381 2949 posteaquam
403 2889 709 2946 deimpietate‚
731 2897 776 2932 et
795 2889 1006 2945 injustitia
1026 2896 1114 2932 tam
1140 2889 1175 2931 J
1178 2889 1422 2942 udaeorum,
1443 2901 1572 2942 quam
1593 2885 1699 2928 Bar-a

866 2966 892 3005 2
917 2976 944 3005 0
993 2988 998 2994 -
