1887 3188
746 269 848 299 cAP.
870 270 973 298 vm.
998 259 1034 297 1.
1602 261 1686 301 4135

91 379 201 445 quae
223 396 322 432 sunt
344 390 434 443 ejus
455 387 623 444 generis
645 387 698 428 de
719 386 814 443 lege
834 387 1004 441 mentis,
1026 394 1070 430 et
1091 389 1144 430 de
1165 388 1260 444 lege
1280 389 1565 432 membrorum
1587 405 1687 432 con-

89 463 220 506 traria
239 463 352 505 inter
373 478 417 504 se
439 462 530 518 ipso
550 467 748 516 respectu
769 460 954 516 partium
973 468 1017 503 et
1038 461 1193 503 virium
1214 462 1491 505 diversarum.
1551 464 1686 506 Deni-

89 551 172 592 que
192 543 336 578 utrum
358 551 509 591 corpus
530 534 691 588 mortis,
714 535 828 576 unde
845 535 956 590 petit
976 534 1284 588 liberationem,
1307 552 1347 577 v.
1366 539 1433 589 24,
1457 537 1512 579 sit
1533 553 1684 593 corpus

88 611 280 664 mortale,
312 611 434 665 cujus
462 609 578 666 prius
610 609 804 651 meminit
832 609 888 651 vi.
923 611 989 662 12,
1020 616 1063 651 et
1090 616 1320 664 utrumque
1349 625 1487 652 massa
1516 619 1559 653 et
1588 612 1686 654 sub-

87 684 246 727 stantia
266 699 469 740 corporea
498 692 610 737 cute,
640 699 779 737 carne,
805 684 938 737 venis,
970 684 1125 737 nervis,
1148 684 1327 737 arteriis,
1360 685 1565 741 sanguine
1587 701 1686 728 eon-

86 765 217 811 stans,
258 760 420 802 caduca
454 759 558 801 haec
595 765 639 800 et
674 758 973 814 corruptibilis,
1014 758 1077 800 ita
1112 758 1225 800 enim
1260 758 1451 814 plerique
1491 759 1684 802 homines

86 833 292 887 sentiunt,
313 833 436 875 nobis
455 848 553 875 vero
574 848 659 875 non
680 832 730 874 fit
747 832 987 885 verisimile,
1009 839 1058 874 ut
1075 848 1202 888 supra
1223 832 1508 888 exposuimus.
1571 833 1686 876 Con-

85 907 222 950 cludit
244 923 296 949 ex
318 907 492 950 dissidio
520 914 562 949 et
590 907 707 949 lucta
727 906 864 948 carnis
887 914 930 948 et
953 905 1138 962 Spiritus
1169 907 1248 949 sibi
1270 907 1378 949 bene
1401 908 1598 963 sperandi
1619 924 1685 950 ar-

86 988 338 1038 gumentum
362 980 600 1038 suppetere,
623 997 721 1024 cum
741 981 841 1023 inde
862 987 1030 1023 constet
1052 996 1105 1023 ex
1125 989 1471 1037 regeneratorum
1493 998 1683 1036 numero,

87 1071 266 1111 quorum
288 1072 512 1113 personam
534 1062 715 1113 gereret,
748 1070 852 1109 esse,
878 1071 927 1098 ac
947 1061 1173 1111 propterea
1193 1055 1289 1099 Deo
1320 1056 1364 1098 in
1394 1056 1567 1100 Christo
1588 1072 1684 1114 gra-

86 1130 169 1173 tias
190 1146 330 1187 agere.

600 1356 912 1401 OCTAVUM
943 1357 1165 1401 CAPUT.

144 1506 215 1548 Ex
235 1506 300 1550 his
321 1506 539 1549 concludit
565 1506 689 1549 initio
711 1507 853 1550 octavi
882 1507 1034 1563 capitis
1064 1507 1229 1549 nullum
1260 1507 1544 1550 damnat-ionis
1575 1508 1685 1565 peri-

86 1580 229 1624 culum
250 1596 421 1623 manere
443 1581 743 1635 sanctificatos,
773 1581 876 1624 licet
897 1582 1054 1623 veteris
1082 1581 1265 1624 hominis
1293 1582 1483 1637 reliquiis
1504 1582 1685 1626 subinde

87 1654 394 1710 inquietentur.
437 1655 747 1709 Sanctificatos‚
762 1662 886 1698 vocat
903 1666 1000 1700 τους
1015 1649 1050 1694 ἐν
1067 1650 1232 1711 Χξιστῷ
1249 1649 1371 1702 Ιησοῦ
1382 1646 1503 1695 κατοὶ
1517 1653 1683 1711 πνεῦμα

88 1725 436 1784 περιπατοῦντας,
479 1744 551 1772 668
587 1730 662 1784 qui
695 1728 741 1770 in
777 1727 951 1771 Christo
992 1730 1226 1771 secundum
1260 1729 1422 1785 Spirito
1461 1729 1684 1772 incedunt.

88 1801 181 1844 Ubi
201 1809 267 1845 est
287 1803 455 1845 articuli
476 1803 633 1859 ellipsis
651 1819 661 1852 3
694 1803 778 1846 duo
805 1802 918 1846 enim
946 1803 1252 1859 significantur,
1285 1818 1356 1845 eos
1378 1809 1422 1846 et
1442 1803 1488 1844 in
1509 1802 1683 1846 Christo

89 1891 194 1930 esse,
223 1883 268 1920 et
288 1878 522 1920 seeundum
545 1877 706 1933 Spirito
734 1876 963 1931 ambulare,
995 1892 1175 1933 quorum
1204 1877 1429 1933 posteriori
1454 1877 1685 1934 opponitur

88 1950 305 1994 ambulare
341 1952 576 1994 secundum
606 1966 789 1994 carnem.
848 1951 1014 1994 Verum
1043 1951 1149 2007 quid
1179 1958 1245 1994 est
1277 1967 1369 1994 esse
1399 1951 1444 1993 in
1476 1951 1684 1994 Christo?

89 2024 250 2067 Utrum
275 2025 502 2080 justificari
526 2025 790 2081 apprehenso
817 2040 894 2081 per
913 2025 1041 2068 fidem
1063 2025 1250 2080 Christo,
1282 2042 1337 2078 an
1363 2026 1619 2083 participata
1638 2026 1684 2070 vi

90 2099 238 2142 mortis
260 2106 304 2142 et
324 2099 644 2142 resurrectionis
667 2098 831 2143 Christi
851 2114 905 2142 ex
925 2099 1151 2142 coalitione
1164 2112 1270 2142 ‘cum
1287 2099 1460 2143 Christo
1480 2100 1525 2142 in
1546 2107 1684 2144 morte

89 2180 134 2216 et
154 2174 245 2216 vita
270 2173 538 2227 sanctificari,
564 2174 618 2216 de
638 2189 725 2230 qua
744 2173 970 2216 coalitione
1000 2189 1093 2230 cap.
1113 2173 1185 2228 vi.,
1206 2190 1248 2218 v.
1270 2175 1312 2216 4.
1370 2174 1440 2217 1)6
1460 2175 1686 2231 posteriori

88 2246 158 2290 hic
179 2247 249 2304 agi
269 2247 522 2291 crediderim
543 2263 627 2304 qua
645 2247 709 2301 fit,
736 2254 800 2302 ut,
823 2246 996 2291 Christo
1018 2239 1231 2304 σύμφυτοι
1255 2240 1485 2302 γεγονότες,
1508 2249 1685 2292 vitalem
1711 2270 1719 2276 ·

88 2327 133 2364 et
149 2321 412 2378 spiritualem
428 2337 602 2365 succum
621 2322 676 2364 ad
691 2322 806 2364 vitae
821 2322 1060 2365 novitatem
1075 2323 1319 2366 hauriamus
1332 2339 1344 2373 ;
1376 2323 1685 2366 communionis

89 2395 217 2450 hujus
231 2395 430 2440 effectum
444 2397 538 2450 erit,
555 2396 771 2439 ambulare
788 2397 1022 2439 secundum
1040 2396 1263 2453 Spiritum.
1305 2397 1558 2454 spirituales
1571 2397 1686 2440 enim

90 2483 168 2512 nos
188 2468 305 2525 prius
326 2485 418 2513 esse
437 2486 611 2514 necesse
633 2477 712 2524 est,
744 2485 872 2525 quam
894 2470 1143 2526 Spiritualia
1163 2471 1390 2527 sapiamus,
1414 2477 1466 2514 ut
1493 2478 1560 2515 est
1579 2487 1621 2514 v.
1643 2473 1684 2525 5,

93 2549 142 2586 ut
169 2543 304 2586 omnis
330 2543 416 2586 fide
444 2545 706 2600 justificatus
737 2544 793 2586 sit
824 2543 1081 2600 Spiritualis,
1116 2545 1145 2588 i.
1178 2561 1216 2588 e.
1249 2544 1566 2596 sanctificatus3
1603 2546 1687 2588 alia

91 2623 236 2660 tamen
247 2616 564 2672 justificationis
579 2618 702 2672 ratio,
724 2625 825 2661 sunt
838 2617 949 2661 enim
964 2618 1180 2674 distincta,
1200 2618 1302 2662 licet
1315 2619 1544 2676 conjuncta
1557 2620 1688 2664 bene-

91 2682 202 2734 ficia.
271 2690 305 2734 J
307 2691 568 2735 ustificamur
588 2692 702 2736 enim
722 2692 1035 2736 condonatione
1052 2699 1341 2750 peccatorum,
1371 2693 1687 2738 sanctificamur

91 2780 194 2808 vero
213 2764 381 2822 peccati
399 2779 518 2820 nece,
549 2772 594 2809 et
618 2766 755 2810 nostri
777 2766 1114 2824 regeneratione,
1134 2767 1257 2823 cujus
1276 2767 1441 2811 fructus
1462 2774 1528 2811 est
1548 2767 1685 2810 omnis

92 2846 241 2882 sancta
269 2839 395 2894 actio,
426 2854 554 2896 quam
573 2839 808 2896 Apostolus
838 2840 908 2885 hic
927 2848 1056 2886 vocat
1086 2841 1421 2885 ambulationem
1450 2841 1685 2885 secundum

95 2912 316 2970 Spiritum,
338 2912 428 2956 sive
449 2913 725 2970 Spiritualem
739 2914 966 2958 incessum.
1018 2915 1284 2959 sanctificati
1298 2915 1432 2972 igitur
1446 2915 1516 2958 hic
1532 2915 1694 2959 descri-
1720 2934 1723 2935 ⁷

844 2991 868 3030 2
893 3001 924 3031 G
