1887 3188
195 239 277 280 500
790 253 1165 296 COMMENTARIUS,

254 370 358 412 Ath.
383 373 449 414 10.
470 371 538 414 De
559 372 746 416 Athletis
768 374 979 418 farciendo
1001 376 1133 418 solum
1155 375 1292 418 ventri
1312 374 1434 416 natis.

270 464 336 509 Οἱ
355 468 498 527 πξῶτα
521 464 594 527 μὲν
619 465 702 529 ζῆν,
729 466 820 515 οὔτε
843 470 1109 531 μανθάνουσιν

270 536 351 593 Εὖ,
380 537 463 585 ὅντ’
492 539 540 585 οἵν
557 540 751 597 δύναιντο,
777 548 863 596 πῶς
886 542 969 606 ’γοὶξ

272 613 424 666 ()“στις
447 611 495 666 ἔξ
522 614 629 679 ἀνὴρ,
654 621 807 676 Ιγναθοῦ
830 636 873 663 τε
897 618 1049 673 δοῦλος,

269 687 436 741 Νηδυὸς
459 687 502 735 θ’
523 690 753 753 ἡσσημένος,
779 692 971 745 κτήσαιτ’
1003 691 1050 738 ἂν

271 763 432 826 Ο”λβον
458 765 511 817 ἐις
534 763 787 829 &vtem-3050&
811 768 991 831 πατξοῖς.
1009 772 1031 794 *²

259 862 471 918 Imprimis
491 864 536 905 hi
556 865 739 908 didicere
760 882 987 922 numquam
1009 867 1150 910 vivere

259 937 406 992 Recte,
428 954 505 982 nec
526 955 710 995 unquam
730 941 834 983 illud
855 949 1035 997 queant3
1067 958 1164 984 nam
1185 941 1257 998 qui
1277 948 1417 999 potest

261 1013 500 1069 Servusque
521 1014 689 1069 buccae,
713 1024 755 1059 et
774 1016 983 1073 impotens
1004 1017 1237 1060 abdominis

261 1087 368 1144 Spes
387 1104 533 1145 parare
554 1090 703 1133 alendo
723 1091 859 1147 patrio
881 1091 981 1134 solo.

260 1179 382 1233 Quae
403 1182 507 1224 vitia
526 1183 786 1238 prohibendo
806 1185 1035 1228 contrarias
1059 1185 1239 1228 virtutes
1269 1184 1446 1241 imperat
1464 1200 1474 1234 ς
1506 1183 1660 1240 quippe
1681 1184 1774 1227 sob—

203 1255 396 1298 rietatem
412 1264 455 1300 et
467 1258 726 1313 pudicitiam.
778 1258 849 1303 Sic
862 1261 1046 1303 vetando
1059 1259 1372 1303 contentionem
1386 1266 1428 1301 et
1441 1259 1774 1313 aemulationem,

205 1333 471 1375 commendat
500 1334 867 1377 mansuetudinem
896 1345 1024 1391 atque
1055 1334 1332 1388 clementiam,
1365 1349 1451 1376 ver.
1489 1335 1555 1376 15.
1615 1334 1702 1377 Sed
1733 1340 1777 1376 et

203 1405 337 1448 multo
358 1407 542 1462 apertius
572 1415 763 1464 perstans
783 1409 827 1450 in
849 1410 1121 1452 similitudine
1143 1417 1186 1452 et
1206 1409 1403 1451 instituta
1434 1408 1643 1465 allegoria,
1676 1409 1778 1450 dum

196 1480 322 1535 jubet
350 1481 581 1524 Dominum
601 1482 743 1525 Iesum
766 1483 983 1526 Christum
1003 1484 1177 1526 induere
1193 1500 1204 1534 3
1236 1484 1347 1539 quod
1368 1484 1612 1537 notandum,
1633 1483 1702 1526 hic
1723 1483 1776 1526 de

205 1555 534 1599 sanctificatione
566 1557 650 1600 dici
669 1558 723 1600 ad
756 1566 949 1601 ornatum
982 1559 1281 1602 sanctimoniae
1313 1558 1459 1611 omnis,
1493 1574 1576 1613 qua
1606 1564 1777 1614 tegatur

204 1637 348 1672 nostra
367 1631 565 1687 pudenda
584 1633 780 1683 nuditas3
813 1640 856 1675 et
888 1634 1022 1676 multo
1055 1633 1327 1689 apertissime,
1361 1633 1461 1674 dum
1492 1639 1610 1674 vetat
1641 1632 1776 1675 carnis

205 1705 527 1761 providentiam,
548 1706 628 1761 i.e.,
654 1723 796 1750 curam
828 1724 974 1765 gerere
995 1709 1049 1750 ad
1069 1709 1296 1764 explendas
1328 1707 1593 1764 cupiditates,
1626 1707 1778 1763 quibus

207 1780 402 1836 prohibet
423 1788 466 1823 et
485 1781 608 1837 gulae
630 1789 673 1824 et
693 1783 870 1836 veneris,
891 1790 983 1825 tum
1004 1783 1089 1825 irae
1110 1791 1199 1826 tum
1230 1783 1412 1825 invidiae
1443 1798 1606 1825 omnem
1627 1782 1778 1824 intem-

207 1854 390 1910 periem3
412 1871 498 1898 ver.
514 1858 579 1911 11,
596 1848 825 1906 καὶτοῦτο,
845 1859 1002 1914 pendet
1018 1874 1042 1900 a
1057 1858 1195 1901 verbis
1216 1850 1408 1906 ἀπόδοτε,
1425 1873 1511 1900 ver.
1530 1861 1568 1912 7,
1585 1848 1777 1909 ὂφέιλετε,

208 1945 283 1972 ver
307 1932 346 1974 8.
405 1929 466 1973 Et
496 1938 563 1981 est
589 1931 702 1975 idem
731 1934 869 1989 quod:
899 1933 1049 1991 quue,
1079 1940 1274 1990 respectu
1295 1932 1590 1989 oportunitatis
1611 1939 1655 1975 et
1675 1939 1781 1975 tem-

208 2004 332 2060 poris,
355 2011 435 2049 etc.

555 2182 760 2227 CAPUT
789 2185 1088 2229 DEOIMUM
1119 2185 1441 2239 QUARTUM.

268 2287 410 2346 Caput
437 2291 538 2346 xiv„
564 2308 660 2336 cum
685 2294 831 2351 primis
854 2297 907 2339 10
928 2303 972 2339 et
991 2298 1019 2338 4
1046 2295 1235 2339 versibus
1266 2311 1356 2352 cap.
1377 2312 1461 2350 xv„
1492 2295 1780 2339 accommodat

208 2371 480 2423 praeceptum
509 2366 744 2412 universale
765 2370 817 2413 de
837 2371 1048 2428 Analogia
1076 2371 1176 2414 fidei
1205 2370 1434 2413 Hieraticis
1464 2377 1507 2413 et
1538 2370 1781 2414 Ceremoni-

208 2437 356 2492 alibus,
371 2441 617 2495 praesertim
631 2442 695 2498 iis,
712 2459 832 2500 quae,
849 2460 944 2488 cum
959 2445 1053 2502 lege
1068 2445 1202 2488 Mosis
1215 2445 1445 2487 constituta
1457 2452 1609 2500 essent,
1619 2444 1780 2508 Christi

208 2510 411 2556 beneficio
427 2521 526 2558 sunt
541 2516 755 2574 abrogata,
772 2526 816 2562 et
830 2535 942 2563 nunc
963 2520 1150 2563 evadunt
1166 2511 1386 2576 ἀδιάφοξα,
1403 2521 1517 2576 quod
1531 2520 1575 2563 in
1591 2536 1635 2564 se
1654 2536 1780 2577 nunc,

209 2592 255 2629 et
279 2593 431 2630 natura
449 2604 537 2644 sua,
557 2599 732 2648 peccato
751 2593 802 2636 iis
831 2600 1024 2637 utentem
1043 2595 1111 2637 vel
1130 2594 1411 2637 abstinentem
1431 2610 1516 2638 non
1535 2595 1751 2652 implicent
1760 2612 1779 2648 ‚3

255 2695 280 2720 Ψ
293 2697 380 2741 [Hos
395 2708 516 2740 versus,
533 2701 621 2742 apud
635 2702 802 2735 Athenaei
815 2702 965 2746 Dezjvnos.
983 2715 1027 2744 x.‚
1050 2715 1082 2746 p.
1104 2705 1177 2744 413,
1200 2709 1354 2745 servatos,
1378 2705 1424 2737 sic
1444 2705 1510 2747 legi
1531 2710 1630 2748 atque
1651 2698 1782 2748 dispon'i

207 2748 304 2790 jubet
319 2749 360 2783 cl.
376 2750 560 2785 Matthiae:

610 2806 636 2838 o?
651 2807 755 2849 τρὸτοι
767 2808 818 2848 μὲν
835 2808 882 2848 ζῖν
899 2809 962 2839 οὔτε
975 2809 1154 2848 μανθάνουσιν
1170 2807 1199 2840 εὖ

610 2858 667 2891 ἔντ’
680 2861 713 2892 α’έν
727 2859 864 2892 δύναιντο·
912 2862 970 2896 mik
989 2863 1055 2904 γὰρ,
1074 2861 1148 2896 ὅστις
1164 2862 1224 2893 ἕατ’
1240 2864 1307 2905 ἀνὴρ

612 2914 715 2954 ’γνάθου
730 2927 761 2946 τε
777 2913 871 2950 δοῦλος
889 2914 977 2951 νηδύος
993 2917 1015 2946 θ’
1031 2915 1186 2956 ἧσσομίνος,

611 2969 755 3008 χτῆσαιτ’
776 2969 809 3000 ἂν
824 2969 907 3008 ἕν’λβον
920 2970 953 3004 ἰις
970 2971 1125 3014 ὑπερβολὴν
1141 2971 1248 3014 πατρίς
1264 2968 1289 3010 ς]
