1887 3188
718 205 819 235 cAP.
845 206 892 234 11.
920 195 1030 236 1-13.
1588 199 1672 238 423

569 560 921 605 SECUNDUM
954 560 1176 604 CAPUT.

75 763 370 819 Hermogenes
399 762 566 804 Rhetor
595 777 751 818 negare
782 778 908 804 ausus
940 769 1005 804 est
1036 763 1313 819 apostrophas
1343 764 1548 820 gravitati
1579 780 1670 807 ora-

74 838 204 883 tionis
228 838 411 894 figuras3
440 837 515 879 sed
543 837 774 892 apostolica
794 837 1026 880 autoritate
1059 837 1273 881 Graeculo
1303 839 1364 880 illi
1386 854 1441 881 ne
1463 840 1665 882 credatur

76 913 190 956 Sunt
210 912 281 954 alii
307 912 447 968 palam
471 911 684 967 flagitiosi,
717 911 786 953 alii
814 912 932 953 larva
962 912 1202 955 sanctitatis
1224 920 1267 955 et
1287 913 1555 956 innocentiae
1576 922 1667 956 tam

73 988 155 1031 sibi
185 1002 310 1043 quam
343 986 435 1028 aliis
465 986 704 1042 imponunt.
764 985 891 1028 Prius
921 986 1028 1028 illud
1057 1003 1192 1043 genus
1214 988 1433 1030 hominum
1462 996 1667 1044 tanquam

74 1063 177 1106 satis
199 1077 409 1118 superque
437 1061 681 1104 convictum
712 1060 938 1116 relinquit3
970 1061 1150 1103 alterum
1182 1078 1283 1104 vero
1303 1078 1438 1119 genus
1469 1079 1669 1119 persona-

73 1145 215 1181 torum
235 1137 468 1189 hominum,
500 1151 704 1179 conversa
724 1136 777 1177 ad
801 1151 871 1178 eos
892 1151 968 1192 per
989 1137 1274 1192 apostrophen
1299 1138 1503 1191 oratione,
1526 1154 1668 1194 perse-

73 1212 232 1268 quitur,
255 1218 299 1254 et
319 1218 369 1254 ut
389 1210 574 1253 vividius
595 1210 764 1263 afficiat,
787 1217 831 1252 et
852 1210 989 1252 acrius
1016 1218 1181 1268 pungat
1202 1212 1460 1268 hypocritas,
1483 1213 1670 1270 singula-

72 1287 189 1340 riter,
206 1286 327 1343 quasi
343 1301 441 1328 oum
457 1285 628 1327 homine
643 1300 729 1326 uno
751 1284 831 1326 sibi
851 1285 1072 1341 negotium
1091 1286 1159 1339 sit,
1181 1287 1444 1343 aggreditur,
1467 1296 1510 1330 et
1531 1288 1668 1331 homi-

71 1377 170 1404 nem
191 1376 361 1414 vocans,
384 1375 480 1402 eum
511 1359 585 1415 qui
616 1359 801 1415 seipsum
826 1359 934 1402 fallit
954 1360 1111 1402 fiducia
1140 1360 1313 1404 virtutis
1344 1378 1444 1404 suae
1466 1378 1491 1402 a
1511 1378 1667 1414 genere

70 1437 125 1479 ad
146 1436 331 1492 speciem
352 1441 677 1491 argumentatur
695 1434 776 1477 hoc
797 1435 924 1477 modo
946 1435 1162 1478 z—Homo
1184 1451 1241 1489 es,
1274 1452 1375 1494 ergo
1397 1427 1668 1491 ἀναπολόγη-

71 1521 153 1556 τος.
215 1509 535 1564 Consequentia
554 1516 675 1565 patet
696 1525 749 1551 ex
771 1510 985 1565 superiore
1007 1510 1310 1566 disputatione.
1369 1511 1496 1565 Item,
1518 1512 1668 1555 Alium

71 1585 247 1627 damnas
276 1584 507 1637 hominem,
533 1599 635 1640 ergo
659 1584 845 1640 teipsum
876 1585 1158 1636 condemnas3
1190 1594 1490 1642 argumentum
1512 1603 1537 1628 a
1556 1587 1669 1643 pari-

70 1659 164 1712 bus,
186 1659 288 1716 quia
307 1659 351 1700 in
373 1659 522 1701 eadem
543 1673 672 1701 eausa
692 1674 749 1711 es,
772 1674 868 1701 cum
890 1659 1123 1702 eorundem
1143 1660 1348 1703 scelerum
1370 1676 1467 1703 reus
1489 1661 1546 1704 sis
1567 1677 1667 1704 cum

72 1750 136 1788 eo,
158 1749 285 1790 quem
306 1734 495 1786 damnas,
517 1748 566 1776 ao
586 1732 764 1789 proinde
794 1733 914 1775 illum
935 1734 1176 1776 damnando
1197 1735 1382 1791 teipsum
1407 1736 1665 1780 condemnas

72 1815 118 1851 et
132 1824 219 1850 una
234 1809 467 1863 eademque
489 1822 617 1863 opera
632 1807 676 1848 in
697 1807 883 1863 teipsum
892 1808 1021 1863 juxta
1041 1824 1090 1851 ac
1105 1809 1226 1851 illum
1247 1810 1557 1853 damnatoriam
1573 1827 1668 1854 sen·-

70 1883 253 1926 tentiam
281 1881 550 1939 pronuncias.
609 1881 773 1924 Verum
804 1882 905 1938 quia
934 1891 1111 1939 negaret
1140 1884 1365 1940 hypocrita
1394 1901 1491 1928 cum
1516 1886 1668 1928 Phari-

71 1973 171 2001 saeo
200 1972 246 2000 se
275 1956 492 2014 publicani
521 1956 701 1999 similem
732 1972 836 2010 esse,
867 1958 984 2012 quod
1009 1958 1164 2001 lateret
1183 1959 1377 2002 homines
1399 1962 1490 2015 ejus
1510 1960 1667 2017 impro-

70 2032 196 2087 bitas,
227 2031 444 2088 apostolus
465 2046 562 2074 eum
593 2031 699 2074 citat
719 2032 774 2073 ad
795 2031 982 2074 tribunal
1006 2032 1105 2086 Dei,
1136 2033 1257 2088 cujus
1280 2033 1493 2089 judicium
1514 2041 1580 2078 est
1601 2051 1666 2078 se-

69 2107 258 2150 cundum
278 2106 519 2159 veritatem,
551 2121 677 2162 quem
698 2105 744 2147 in
763 2120 892 2149 causa
911 2108 1207 2163 cognoscenda
1226 2108 1359 2152 latere
1380 2109 1486 2151 nihil
1506 2117 1664 2166 potest,

67 2181 246 2238 quinon
267 2190 488 2224 externam
504 2180 688 2236 speciem
704 2187 897 2236 spectare
917 2181 1038 2235 solet,
1055 2189 1130 2224 aut
1141 2197 1367 2238 personam
1384 2183 1520 2239 (quod
1536 2184 1662 2240 dicit)

67 2256 294 2313 injudicio
324 2256 533 2312 excipere,
564 2255 640 2298 sed
669 2255 843 2298 intimos
873 2255 1108 2298 animorum
1141 2271 1289 2300 sensus
1318 2258 1588 2313 perscrutari,
1620 2265 1666 2302 et

72 2332 307 2375 secundum
328 2331 602 2387 aequitatem,
624 2345 795 2373 causam
812 2329 951 2386 ipsam
983 2330 1248 2374 solummodo
1277 2331 1463 2386 intuens,
1497 2339 1668 2375 senten-

71 2406 177 2450 tiam
198 2405 321 2449 ferre.
380 2405 529 2461 Atque
558 2405 639 2448 hoc
668 2404 923 2461 principium
945 2411 1011 2447 est
1030 2405 1236 2448 naturalis
1265 2406 1519 2463 theologiae,
1549 2408 1666 2450 unde

70 2479 308 2538 Apostolus
341 2487 642 2537 argumentum
676 2479 795 2521 ducit
830 2479 884 2521 ad
917 2479 1090 2534 quosvis
1124 2479 1318 2523 homines
1355 2487 1535 2525 naturae
1569 2481 1666 2528 luce

71 2554 391 2612 coarguendos:
421 2553 518 2597 ideo
549 2553 654 2597 dicit
684 2545 864 2610 ὄίδαμεν,
897 2554 1053 2599 scimus
1084 2561 1128 2598 et
1158 2562 1424 2612 compertum
1444 2556 1664 2612 habemus,

70 2636 276 2689 tanquam
296 2628 467 2686 publico
487 2629 676 2672 omnium
706 2629 926 2671 hominum
955 2629 1214 2684 testimonio,
1246 2637 1291 2674 et
1314 2631 1544 2676 universali
1564 2647 1666 2675 con-

71 2689 190 2747 sessu
205 2702 522 2760 comprobatam
537 2692 808 2758 sententiam,
821 2703 866 2746 in
878 2704 1066 2747 medium
1079 2705 1296 2749 adducens
1309 2721 1321 2756 3
1343 2713 1388 2749 et
1400 2714 1522 2749 certe·
1528 2707 1666 2748 multa

66 2779 199 2834 hujus
228 2778 397 2836 generis
420 2778 466 2820 in
495 2777 606 2820 hanc
635 2779 892 2821 sententiam
922 2786 1073 2822 extant
1103 2780 1216 2836 apud
1246 2781 1444 2836 profanos
1479 2787 1664 2834 autores,

66 2845 112 2901 ἴς
131 2844 254 2896 πάντ’
280 2847 404 2910 ἐφορᾷ
434 2843 514 2893 καὶ
545 2845 683 2909 σι-οίνει)ι
710 2846 920 2904 ἐπακοῦει,
957 2847 1042 2909 ’ἔχει
1078 2845 1162 2902 θεὸς
1196 2847 1342 2896 ’ἔνδικον
1377 2847 1516 2912 ὄμμα.
1591 2854 1664 2905 Sic
