1887 3188
188 205 271 246 438
795 214 1178 256 COMMENTARIUS,

195 334 483 377 misericordia
502 350 587 390 qua
607 335 727 377 Deus
751 335 960 390 justificat
980 336 1113 392 gratis
1139 352 1192 379 ex
1212 351 1328 379 mera
1347 335 1486 392 gratia
1506 351 1602 378 eum
1624 337 1697 392 qui
1718 343 1783 380 est

198 425 250 452 ex
262 409 347 451 fide
359 409 473 464 Iesu,
494 409 567 452 i.e.
589 409 662 465 qui
678 410 722 450 in
745 409 962 452 Christum
980 411 1128 464 credit,
1149 410 1306 466 alioqui
1322 426 1398 466 per
1417 417 1612 452 naturam
1628 411 1783 466 impius

197 490 248 526 ut
275 499 367 540 cap.
388 484 459 538 iv„
492 486 517 509 “
535 483 624 537 Qui
638 484 846 539 justificat
867 485 1081 540 impium.’'
1146 485 1277 527 Fides
1297 485 1397 527 Iesu
1418 485 1574 527 dicitur
1593 500 1679 527 non
1700 501 1786 540 qua

197 558 347 613 credit,
368 566 444 601 aut
464 575 590 614 quam
620 559 750 600 habet
772 559 982 612 Christus,
1004 560 1079 601 sed
1100 574 1184 614 qua
1204 560 1391 601 creditur
1411 567 1454 601 et
1476 575 1584 614 quae
1604 559 1787 601 habetur

201 633 387 686 Christo,
408 650 449 676 v.
472 636 541 676 27.
602 633 674 676 Sic
695 633 907 688 descripta
929 640 971 674 et
993 633 1202 688 explicata
1217 634 1387 687 justitia
1406 634 1506 675 fidei
1525 634 1788 689 Evangelica

201 723 254 750 ex
275 708 469 750 omnibus
491 708 580 762 ejus
602 707 738 749 causis
757 707 955 762 (quarum
976 708 1092 748 nulla
1113 714 1234 749 extra
1249 707 1405 760 Deum,
1428 708 1502 749 sed
1523 707 1566 748 in
1583 708 1678 750 Deo
1700 723 1788 750 om-

201 797 290 835 nes,
312 789 356 823 et
376 797 401 823 a
420 782 516 823 Deo
537 782 814 837 repetendae)
846 781 974 824 infert
1004 797 1162 824 novum
1193 789 1491 838 argumentum
1522 797 1598 837 pro
1629 781 1790 824 stabili-

203 856 312 898 enda
331 855 431 897 fidei
455 855 626 910 justitia
656 863 804 897 contra
827 856 1041 911 justitiam
1063 872 1252 912 operum.
1311 856 1443 897 Nulla
1463 856 1624 897 homini
1645 871 1790 912 super-

203 936 268 972 est
288 930 332 970 in
354 945 398 972 se
420 937 494 971 aut
515 930 601 971 suis
623 930 867 983 virtutibus,
890 939 964 972 aut
986 931 1146 973 viribus
1174 931 1384 987 gloriandi
1414 931 1602 984 materia,
1624 931 1710 973 acsi
1730 931 1793 972 ita

200 1004 452 1046 dissereret:
488 1004 556 1046 Ea
579 1004 751 1059 justitia
778 1005 1076 1059 justificamur,
1108 1021 1216 1060 quae
1245 1006 1362 1047 nulla
1390 1005 1552 1047 homini
1581 1005 1791 1062 gloriandi

201 1079 423 1121 materiam
443 1079 657 1134 relinquit,
676 1094 844 1121 omnem
860 1079 955 1122 Deo
972 1079 1124 1122 tribuit
1139 1080 1363 1136 gloriandi.
1422 1080 1486 1121 At
1507 1080 1604 1121 fidei
1621 1079 1792 1134 justitia

202 1154 361 1196 nullam
388 1153 591 1208 relinquit
622 1153 796 1207 homini,
818 1169 986 1196 omnem
1008 1154 1103 1196 Deo
1125 1155 1276 1196 tribuit
1305 1154 1515 1210 gloriandi
1545 1154 1791 1204 materiam;

202 1236 353 1271 contra
379 1243 480 1270 vero
509 1243 553 1270 se
577 1228 708 1270 habet
738 1244 914 1284 operum
939 1229 1134 1284 justitia:
1171 1229 1302 1271 Unde
1330 1229 1547 1271 concludit
1575 1245 1662 1285 seq.
1687 1244 1790 1282 ver„

204 1303 329 1356 Fide,
351 1318 436 1345 non
458 1302 655 1358 operibus
679 1303 976 1358 justificamur.
1038 1303 1284 1360 Syllogismi
1312 1304 1544 1360 assumptio
1564 1304 1645 1346 hoc
1665 1319 1792 1346 versu

205 1378 454 1434 dialogismo
471 1384 693 1430 tractatur,
716 1385 760 1419 et
774 1377 984 1432 figuratur
1003 1377 1349 1434 interrogatione,
1372 1394 1456 1433 qua
1476 1378 1595 1420 velut
1614 1378 1794 1420 insultat

202 1451 473 1494 Pharisaicae
502 1451 788 1507 operariorum
818 1452 1134 1507 praefidentiae.
1214 1453 1294 1493 Ubi
1327 1454 1451 1508 ἱρέων
1482 1444 1682 1508 yloriatz'o,
1712 1451 1741 1494 i.
1755 1467 1792 1494 e.

201 1526 364 1568 homini
393 1526 438 1567 in
469 1541 513 1568 se
535 1526 706 1581 suisque
728 1526 925 1581 operibus
946 1526 1157 1582 gloriandi
1186 1526 1377 1579 materia,
1399 1542 1495 1568 cum
1517 1527 1570 1568 de
1585 1526 1794 1581 justifica·

202 1600 319 1643 tione
335 1599 491 1656 agitur.
536 1600 800 1655 Respondet,
818 1601 1004 1642 Exclusa
1025 1609 1093 1653 est,
1115 1600 1143 1642 i.
1161 1615 1197 1642 e.
1218 1601 1334 1642 nulla
1350 1600 1511 1642 homini
1531 1601 1693 1656 reliqua
1713 1607 1792 1654 est,

202 1690 300 1717 oum
320 1689 405 1717 non
422 1674 476 1716 ab
496 1674 680 1727 homine,
703 1674 778 1716 sed
799 1690 824 1715 a
844 1674 940 1716 Deo
961 1674 1046 1716 sint
1069 1675 1158 1730 ejus
1179 1690 1331 1716 causae
1352 1690 1511 1716 omnes.
1560 1675 1647 1717 Per
1666 1690 1795 1730 quam

201 1749 342 1805 legem
355 1748 534 1804 quaerit,
552 1764 605 1790 an
619 1755 809 1802 naturae,
827 1764 881 1790 an
896 1748 1046 1802 Mosis,
1063 1764 1171 1804 quae
1182 1748 1396 1804 justitiam
1413 1764 1587 1804 operum
1603 1749 1795 1806 exigunt,

202 1838 331 1878 quam
350 1838 476 1865 nemo
495 1822 738 1864 mortalium
766 1829 832 1865 est
861 1823 1089 1865 solvendo:
1121 1823 1306 1878 subjicit,
1328 1839 1426 1876 non,
1447 1822 1475 1865 i.
1493 1839 1530 1865 e.
1551 1839 1690 1879 neque
1718 1839 1797 1881 per

200 1897 420 1951 naturalis,
449 1911 590 1952 neque
619 1912 696 1952 per
721 1896 938 1940 Mosaicae
967 1897 1074 1953 legis
1097 1897 1450 1952 justificationem
1481 1897 1694 1940 adimatur
1719 1898 1796 1940 ho·-
1851 1936 1854 1937 γ

203 1971 308 2013 mini
328 1970 464 2014 omnis
485 1971 695 2028 gloriandi
714 1971 759 2012 in
781 1987 825 2014 se
846 1971 1036 2025 materia,
1053 1987 1132 2014 nec
1153 1972 1289 2014 omnis
1310 1971 1445 2028 gloria
1461 1971 1557 2014 Deo
1578 1972 1794 2027 tribuitur,

204 2046 280 2088 sed
311 2060 388 2101 per
420 2045 562 2101 legem
590 2045 703 2099 fidei,
734 2045 762 2087 i.
785 2061 821 2088 e.
851 2045 1202 2100 justificationem
1236 2046 1338 2088 fidei
1367 2046 1435 2088 vel
1465 2047 1679 2101 justitiam
1709 2047 1795 2090 Dei

206 2135 260 2163 ex
283 2120 381 2174 fide,
402 2134 480 2176 per
498 2119 785 2176 Evangelium
814 2120 1072 2176 patefactam
1095 2128 1138 2163 et
1159 2121 1369 2174 collatam,
1391 2121 1526 2163 omnis
1546 2121 1656 2175 Deo,
1677 2121 1795 2164 nulla

204 2194 368 2238 homini
397 2193 602 2237 tribuitur
629 2193 778 2250 gloria.
839 2193 886 2237 Si
915 2195 1142 2253 homo-vel
1170 2195 1216 2236 in
1245 2195 1440 2248 solidum,
1471 2195 1540 2238 vel
1570 2210 1624 2237 ex
1657 2203 1793 2251 parte,

200 2268 232 2311 i.
249 2284 287 2312 e.
319 2269 387 2312 vel
416 2268 516 2311 solis
546 2268 758 2324 operibus,
779 2268 849 2311 vel
877 2269 1034 2325 partim
1063 2269 1161 2323 fide,
1182 2269 1338 2325 partim
1366 2269 1562 2324 operibus
1585 2269 1795 2324 justifica-

201 2350 334 2397 retur,
354 2358 457 2386 vera
475 2342 611 2399 gloria
630 2343 928 2385 detraheretur
947 2343 1056 2397 Deo,
1073 2344 1178 2385 falsa
1197 2343 1358 2393 homini
1379 2343 1665 2399 affingeretur.
1705 2344 1794 2388 Hic

202 2417 310 2473 legis
326 2432 481 2460 nomen
496 2417 671 2459 mirifice
688 2423 732 2460 et
747 2417 1002 2471 modificate,
1019 2418 1095 2460 sed
1111 2418 1317 2460 divinitus
1333 2425 1377 2459 et
1393 2418 1683 2474 significanter
1692 2418 1795 2462 fidei

203 2491 420 2533 tribuitur.
479 2483 736 2547 λογιζόμεθα
753 2482 832 2537 οὖν,
855 2493 910 2536 28
931 2491 994 2548 v.]
1056 2490 1284 2534 Conclusio
1313 2492 1523 2547 generalis
1555 2499 1598 2535 et
1617 2492 1795 2536 bimem-

202 2565 289 2608 bris
305 2565 438 2607 totius
455 2565 757 2621 disputationis
777 2581 802 2607 a
819 2567 887 2620 18,
903 2581 945 2608 v.
961 2565 990 2608 i.
1005 2580 1099 2621 cap.
1147 2565 1266 2621 Ergo
1281 2565 1366 2608 fide
1380 2566 1678 2621 justificamur,
1695 2582 1794 2623 ope-

200 2639 320 2682 ribus
339 2646 485 2681 autem
513 2639 654 2693 nullis,
676 2646 721 2682 et
740 2640 856 2695 quod
885 2639 1000 2682 idem
1021 2645 1099 2693 est,
1120 2639 1210 2681 sola
1237 2639 1323 2681 fide
1337 2640 1648 2707 justificammgz
1677 2640 1794 2683 Nam

202 2712 458 2756 excludendi
487 2712 696 2769 particula
724 2712 769 2754 in
798 2713 878 2755 hac
909 2712 1203 2755 enuntiatione
1232 2720 1400 2756 tantum
1433 2729 1560 2770 opera
1590 2713 1792 2770 excludit,

200 2788 318 2843 quod
343 2786 514 2829 disertis
534 2785 675 2828 verbis
701 2786 805 2828 facit
824 2785 1060 2842 Apostolus
1079 2778 1203 2843 χῶξις
1226 2779 1346 2844 ἔργων
1369 2779 1494 2844 νόμον
1514 2788 1674 2844 absque
1694 2803 1794 2845 ope-

200 2860 317 2904 ribus
347 2860 454 2917 legis
484 2859 626 2914 ullius,
657 2859 747 2902 sive
774 2859 982 2903 naturalis
1015 2860 1106 2903 sive
1137 2861 1366 2916 Mosaioae,
1395 2871 1473 2905 aut
1502 2863 1687 2918 moralis,
1714 2870 1793 2906 aut
