1887 3188
138 636 640 687 'COMMENTARIUS
688 643 750 685 IN
798 642 976 686 EPIST.
1027 641 1206 685 PAULI
1253 641 1330 683 AD
1379 638 1676 684 ROMANOS.

816 816 951 860 CAP.
983 816 1020 859 I.

121 930 361 975 EPISTOLA
396 933 551 974 PAULI
592 934 647 975 ad
679 933 895 976 Romanos
936 940 1000 976 est
1041 932 1174 975 totius
1217 930 1532 974 Christianismi
1574 929 1720 972 divina

122 1005 308 1059 epitome
325 1023 335 1056 3
368 1014 536 1049 constat
553 1014 696 1049 autem
719 1007 855 1049 tribus
875 1006 1227 1063 partibus—vrgo}
1237 997 1336 1060 ὁγῳ,
1371 1005 1438 1046 i.e.
1460 1004 1720 1060 praeloquio,

120 1071 236 1134 λόγῳ
272 1088 315 1122 et
350 1074 403 1119 {71-
404 1073 547 1137 Ιλῦγῳ,
590 1082 679 1124 sive
720 1082 873 1138 capite,
915 1097 1090 1137 corpore
1128 1088 1171 1122 et
1207 1081 1334 1133 calce,
1372 1079 1507 1121 instar
1541 1077 1721 1134 perfecti

121 1155 327 1209 animalis,
359 1165 408 1198 ut
435 1156 625 1211 loquitur
645 1156 771 1198 Plato
803 1157 856 1198 de
888 1156 1004 1198 omni
1034 1155 1224 1197 orat-ione
1246 1154 1448 1211 perfecta.
1508 1153 1720 1209 Prologus

121 1229 211 1271 sive
241 1230 518 1286 praescriptio
549 1231 603 1272 ad
636 1232 688 1274 17
718 1247 759 1273 v,
791 1232 844 1273 de
876 1246 952 1273 sua
981 1230 1219 1278 vocatione,
1254 1237 1296 1271 et
1328 1229 1470 1271 studio
1503 1244 1603 1285 erga
1633 1228 1721 1269 Ro-

120 1319 268 1346 manos
290 1320 374 1360 quo
405 1305 460 1347 ad
491 1305 761 1348 scribendum
786 1305 989 1347 incitatus
1020 1304 1115 1347 fuit.
1175 1305 1245 1346 De
1277 1319 1353 1346 sua
1373 1303 1597 1346 vocatione
1629 1302 1720 1359 agit

119 1378 257 1434 prima
285 1379 472 1435 periodo,
502 1379 576 1421 ubi
606 1381 795 1422 notanda
826 1380 983 1435 ellipsis
1011 1379 1131 1422 verbi
1161 1380 1218 1420 ad
1247 1378 1449 1420 affectum
1481 1378 1720 1433 exprimen-

121 1453 236 1506 dum,
259 1454 616 1508 quemadmodum
640 1461 683 1496 et
704 1455 748 1495 in
770 1454 1039 1497 salutatione.
1101 1456 1127 1478 “
1143 1453 1304 1503 Paulus
1327 1452 1532 1495 Romanis
1542 1451 1720 1494 ”—sub.

120 1519 368 1576 ἐπιστέλλει,
402 1544 478 1571 seu
508 1522 673 1585 γράφει.
736 1528 991 1584 Subjeetum
1014 1528 1142 1582 hujus
1174 1527 1388 1569 enuntiati
1417 1526 1564 1570 multis
1595 1541 1722 1582 argu-

119 1603 276 1645 mentis
298 1603 592 1659 amplificatur,
615 1610 660 1646 et
679 1603 918 1646 illustratur
939 1603 991 1644 ab
1013 1603 1217 1657 adjuncto
1238 1617 1427 1654 munere,
1457 1600 1547 1642 sive
1569 1600 1720 1654 officio,

73 1718 78 1723 .
117 1676 166 1718 in
194 1692 365 1734 genere,
395 1678 512 1732 quod
540 1693 687 1720 servus
711 1677 874 1720 Christi
904 1677 994 1720 sive
1023 1676 1242 1732 publicum
1263 1691 1416 1733 gerens
1445 1675 1523 1718 sub
1546 1674 1721 1718 Christo

119 1766 222 1808 rege
250 1758 294 1794 et
313 1751 503 1794 Domino
530 1751 812 1794 ministerium
827 1767 838 1802 3
869 1751 915 1793 in
936 1751 1090 1807 specie,
1123 1751 1238 1806 quod
1259 1750 1490 1806 apostolus,
1521 1750 1576 1792 ad
1604 1751 1721 1806 quod

120 1841 275 1868 munus
305 1826 496 1883 legitime
524 1833 569 1869 et
599 1826 826 1868 efficaciter
846 1833 1023 1869 vocatus
1046 1825 1114 1879 sit,
1145 1841 1222 1881 per
1251 1825 1574 1867 Antiochenum
1604 1840 1721 1880 pres-

119 1900 349 1957 byterium,
372 1907 416 1943 et
437 1916 462 1942 a
481 1901 577 1943 Deo
599 1892 779 1957 ἀμέσως,
812 1900 866 1942 ab
886 1907 1021 1954 utere,
1043 1900 1110 1943 i.e.
1139 1907 1326 1954 aeterno,
1360 1900 1457 1943 Gal.
1482 1902 1520 1942 1.
1544 1890 1721 1956 (κλητός

120 1982 266 2018 autem
306 1991 392 2017 non
428 1991 595 2031 semper
633 1975 846 2032 significat
882 1974 1110 2017 efficaciter
1143 1981 1336 2028 vocatus,
1377 1974 1519 2016 Math.
1554 1990 1626 2016 XX.
1666 1976 1720 2018 16

121 2040 275 2089 πολλοὶ
309 2041 393 2107 γὰρ
428 2042 510 2089 ἐισί
536 2040 700 2098 xxvvi„
738 2041 872 2102 ὀλίγοι
909 2039 942 2088 δ’
982 2041 1186 2096 ἔκλεκτοι,
1217 2056 1368 2091 contra
1397 2055 1614 2104 receptam
1636 2047 1722 2090 dis-

120 2124 393 2180 tinctionem)
425 2140 504 2167 nec
526 2131 702 2167 vocatus
732 2125 872 2184 modo,
905 2124 980 2166 sed
1007 2124 1136 2166 etiam
1168 2115 1450 2180 ἀφοξισμένος,
1480 2129 1719 2179 separatus,

122 2199 281 2256 quippe
311 2206 460 2242 autore
497 2198 662 2255 Spiritu
699 2198 872 2252 Sancto,
903 2198 1006 2241 Act.
1041 2198 1131 2240 xiii.
1170 2198 1264 2253 (ubi
1304 2205 1450 2254 aperte
1491 2197 1722 2253 distinguit

123 2275 309 2332 Spiritus
332 2275 516 2319 Sanctus
546 2275 660 2317 inter
680 2263 922 2329 ἀφορισμὸν,
956 2280 999 2315 et
1028 2269 1188 2321 κλῆσιν,
1220 2278 1264 2315 et
1292 2272 1402 2314 hanc
1433 2272 1505 2314 illo
1535 2271 1721 2327 priorem

123 2350 304 2406 docet);
355 2350 448 2393 sub.
494 2349 625 2405 idque
669 2349 724 2390 ad
766 2347 1054 2404 Evangelium
1097 2347 1445 2404 praedicandum,
1491 2345 1608 2402 quod
1653 2351 1721 2387 est.

123 2423 366 2479 subjectum
403 2424 494 2467 sive
532 2423 723 2477 materia,
763 2421 809 2464 in
844 2437 930 2478 qua
967 2422 1194 2465 tractanda
1224 2427 1421 2465 versatur
1455 2419 1720 2476 apostolatus

123 2505 174 2542 ut
208 2497 377 2541 vocatio
417 2505 462 2541 et
501 2497 713 2554 separatio
749 2503 850 2539 sunt
888 2496 935 2538 in
974 2496 1112 2539 causis
1149 2495 1431 2539 efficientibus
1468 2495 1720 2552 apostolum.

122 2572 354 2629 Evangelii
381 2587 481 2615 vero
511 2588 639 2616 causa
668 2571 854 2615 efficiens
885 2571 1116 2613 assumitur
1134 2570 1270 2624 Deus,
1302 2570 1377 2626 qui
1407 2577 1473 2612 est
1492 2569 1723 2626 Evangelii

117 2654 170 2693 ,et
189 2653 315 2689 autor
334 2652 379 2688 et
397 2645 623 2701 Dominus,
643 2653 695 2690 ut
709 2647 846 2702 *cujus
866 2645 1007 2702 ipsum
1036 2651 1103 2688 est
1123 2645 1313 2702 gratuita
1343 2651 1388 2688 et
1411 2644 1607 2687 ultronea
1626 2659 1724 2700 pro-

123 2720 282 2774 missio,
297 2720 389 2776 jam
417 2719 518 2763 inde
538 2735 564 2762 a
582 2720 718 2776 primo
738 2720 921 2764 hominis
950 2720 1074 2777 lapsu
1096 2719 1142 2762 in
1162 2720 1359 2777 paradiso
1379 2719 1495 2762 facta
1522 2719 1721 2775 primum,

125 2811 176 2839 ac
196 2794 397 2850 deinceps
425 2793 622 2850 repetita,
653 2809 702 2838 ac
733 2794 913 2838 subinde
942 2794 1156 2838 illustrata
1184 2809 1262 2850 pro
1283 2794 1401 2838 vario
1423 2800 1467 2836 et
1494 2791 1723 2848 multiplici

123 2866 261 2926 gradu
289 2866 601 2925 patefactionis,
631 2867 748 2923 quod
766 2868 898 2912 verbo
929 2859 1218 2922 ἔπηγγὲιλατο
1239 2866 1518 2924 significatur.
1576 2865 1724 2915 Evan2-
