1887 3188
153 209 232 249 506
769 216 1145 257 COMMENTARms,

497 412 793 457 DECIMUM
825 413 1119 467 QUINTUM
1150 412 1367 455 CAPUT.
1402 476 1410 478 ἡ

211 565 486 622 Prosequitur
516 565 849 608 exhortationem
875 564 928 606 de
954 563 1181 606 tolerandis
1207 563 1393 617 infirmis,
1420 579 1526 619 quae
1547 563 1716 606 videtur

155 642 301 685 eadem
327 641 464 697 reipsa
491 656 586 683 cum
612 656 661 682 ea
687 655 794 695 quae
823 639 1003 680 habetur
1026 653 1116 694 cap.
1143 638 1229 680 xiv.
1258 653 1298 680 v.
1323 639 1359 691 1,
1389 638 1470 679 nisi
1496 639 1608 694 quod
1632 638 1717 681 illic

154 716 365 758 infirmum
385 716 467 758 fide
488 715 795 767 assumendum,
825 713 894 755 hic
923 712 1181 755 infirmorum
1201 711 1465 755 infirmitates
1491 714 1717 768 portandas

154 799 336 845 moneat,
357 791 484 846 idque
505 789 548 830 in
568 804 734 845 genere.
795 787 923 841 Quod
943 787 1003 830 ita
1022 787 1355 843 intelligendum,
1375 803 1429 830 ne
1449 794 1644 843 putemus
1665 788 1720 829 ad

156 868 332 909 fratrum
352 865 457 908 vitia
477 864 785 908 connivendum
802 878 904 916 esse,
926 869 1000 904 aut
1023 862 1149 904 fidem
1165 861 1360 904 charitati
1375 862 1719 918 posthabendam,

157 942 231 985 sed
251 941 364 997 quod
383 940 483 983 licet
502 955 577 996 per
596 939 799 995 pietatem
827 937 1099 979 humanitatis
1119 937 1312 979 habenda
1330 937 1450 979 ratio.
1510 937 1720 980 Removet

156 1016 517 1072 impedimentum,
535 1021 578 1057 et
593 1013 753 1056 fontem
769 1012 903 1068 aperit
917 1013 1070 1054 morosi
1086 1019 1129 1054 et
1149 1011 1327 1054 difficilis
1343 1012 1471 1054 animi
1486 1012 1530 1053 in
1545 1012 1721 1054 fratrum

156 1090 470 1132 infirmitatibus
485 1104 569 1131 non
584 1088 824 1141 tolerandis,
841 1087 1037 1129 nimirum
1053 1079 1291 1139 φιλαυτίαν,
1314 1094 1356 1129 et
1372 1102 1555 1129 amorem
1575 1086 1721 1140 nostri,

158 1182 241 1222 quo
265 1165 314 1208 fit
343 1171 392 1207 ut
421 1163 597 1205 nimium
620 1163 740 1205 nobis
769 1162 870 1219 ipsis
895 1177 990 1205 cum
1013 1162 1181 1205 fastidio
1209 1169 1252 1204 et
1278 1168 1524 1217 contemptu
1547 1161 1723 1204 fratrum

158 1240 450 1296 indulgeamus
468 1256 477 1280 :
498 1238 578 1281 hoc
599 1238 710 1281 enim
731 1244 795 1280 est
815 1237 894 1280 sibi
909 1237 1009 1293 ipsis
1022 1237 1198 1293 placere.
1244 1237 1396 1280 Utitur
1411 1236 1538 1279 verbo
1553 1228 1723 1292 βαστά-

163 1307 256 1370 ζειν,
286 1319 453 1370 portare
473 1312 656 1355 humeris
677 1318 721 1354 et
741 1311 937 1367 bajulare,
959 1327 999 1367 q.
1020 1311 1061 1353 d.
1082 1311 1186 1353 Ideo
1206 1326 1282 1353 nos
1302 1310 1557 1353 robustiores
1578 1316 1622 1352 et
1640 1309 1724 1351 fide

161 1389 364 1432 firmiores
395 1387 496 1430 fecit
516 1382 737 1440 Dominus,
757 1393 807 1429 ut
827 1386 916 1442 apti
945 1401 1129 1428 essemus
1159 1385 1426 1429 sublevandis
1458 1384 1636 1427 fratrum
1663 1383 1728 1426 in-

161 1463 458 1507 firmitatibusz
488 1468 538 1504 ut
567 1461 919 1517 quemadmodum
938 1460 1083 1517 legalis
1110 1460 1301 1517 pontifex
1329 1460 1525 1517 gestabat
1544 1459 1729 1502 humeris

163 1539 334 1583 nomina
360 1536 581 1580 duodecim
610 1536 797 1579 tribuum
822 1535 1002 1589 Israelis,
1024 1535 1240 1578 Christum
1266 1534 1509 1591 pontificem
1537 1542 1728 1578 nostrum

165 1614 430 1666 adumbrans,
465 1611 539 1668 qui
569 1617 733 1654 nostras
767 1610 1032 1653 infirmitates
1058 1610 1103 1651 in
1137 1625 1181 1652 se
1217 1609 1401 1665 suscepit
1434 1609 1634 1664 bajulans,
1666 1608 1729 1651 ita

165 1697 356 1733 nostrum
386 1694 451 1731 est
480 1686 661 1730 officium
684 1686 817 1741 (quod
837 1685 926 1727 sine
955 1685 1110 1728 scelere
1143 1684 1424 1741 praetermitti
1453 1700 1538 1727 non
1566 1683 1728 1740 potest)

165 1763 422 1808 inbecillium
442 1762 619 1804 fratrum
637 1760 901 1803 infirmitates
917 1767 1095 1817 gestare.
1155 1759 1288 1815 Cujus
1301 1766 1468 1802 nostrae
1483 1758 1730 1802 tolerantiae

167 1841 294 1882 finem
323 1845 366 1882 et
394 1837 579 1880 fructum
599 1835 746 1878 definit
766 1835 1112 1889 aedificationem,
1133 1850 1198 1888 ne,
1220 1834 1349 1876 nimia
1377 1833 1642 1891 indulgentia
1659 1833 1734 1876 ad-

169 1913 422 1958 blandiendo
442 1911 653 1965 fratribus,
676 1925 745 1953 eos
764 1911 1012 1966 perdamus3
1034 1916 1078 1952 et
1096 1916 1221 1966 urget
1245 1924 1387 1951 rursus
1409 1908 1570 1952 Christi
1593 1923 1733 1951 exem-

167 1990 296 2047 plum,
317 1988 391 2044 qui
410 2002 495 2030 non
515 1986 648 2029 solum
667 2001 743 2042 pro
762 1985 936 2027 infirmis
956 1984 1167 2039 fratribus,
1189 1985 1262 2028 sed
1283 1984 1410 2027 etiam
1429 1983 1620 2027 hostibus
1640 1998 1733 2027 cru-

170 2063 391 2107 delissimis
411 2068 599 2105 extrema
619 2075 809 2116 quaeque
828 2075 1048 2116 perpessus
1064 2066 1142 2114 est,
1163 2060 1276 2116 quod
1287 2059 1438 2115 probat
1453 2058 1631 2102 Davidis
1651 2065 1736 2102 tes-

170 2138 359 2192 timonio,
380 2137 454 2194 qui
473 2143 624 2192 typum
643 2150 793 2192 gerens
815 2133 976 2178 Christi
1003 2134 1048 2176 in
1078 2149 1153 2176 sua
1180 2149 1359 2190 persona
1379 2133 1540 2177 Christi
1567 2147 1736 2189 perpes-

171 2214 307 2258 siones
327 2210 561 2268 descripsit,
580 2210 693 2252 Psal,
712 2209 814 2252 lxix.
872 2209 933 2251 Et
952 2224 1006 2251 ne
1026 2208 1120 2264 quis
1140 2208 1311 2265 objiciat
1339 2208 1443 2251 haec
1472 2208 1526 2251 de
1553 2206 1734 2260 Davide,

170 2305 256 2333 non
276 2289 329 2331 de
351 2286 521 2331 Christo
541 2285 697 2342 scripta
716 2299 818 2339 esse,
839 2283 1057 2340 subjungit
1076 2285 1104 2325 4
1123 2299 1210 2326 ver.
1230 2282 1468 2340 generalem
1483 2281 1736 2325 sententiam

174 2365 228 2408 de
246 2370 340 2407 toto
360 2361 495 2405 veteri
513 2361 799 2413 Testamento,
821 2365 865 2402 et
885 2359 1077 2402 omnibus
1101 2357 1287 2401 omnium
1307 2357 1484 2400 Patrum
1513 2355 1735 2412 exemplis3

173 2439 278 2481 haec
307 2437 362 2479 ad
391 2451 468 2479 nos
499 2434 639 2478 omnia
670 2433 893 2490 pertinere,
925 2440 975 2476 ut
1006 2448 1114 2489 quae
1145 2446 1344 2488 magnum
1374 2446 1496 2473 usum
1522 2437 1739 2487 praestent

177 2512 394 2570 augendae
413 2510 504 2567 spei
533 2517 700 2552 nostrae
732 2516 776 2552 et
806 2507 1126 2561 confirmandae,
1147 2505 1412 2564 praescriptis
1435 2504 1665 2561 patientiae
1695 2512 1740 2548 et

177 2585 473 2632 consolationis
493 2583 768 2628 documentis.
826 2583 1015 2626 Notetur
1033 2597 1133 2624 usus
1153 2580 1307 2624 veteris
1328 2579 1582 2636 Scripturae,
1613 2594 1740 2635 quam

176 2663 263 2705 late
281 2667 439 2718 pateat,
460 2665 504 2702 et
523 2673 649 2714 quam
669 2658 725 2700 sit
752 2657 917 2714 piorum
946 2656 1120 2713 singulis
1139 2655 1233 2712 plus
1253 2670 1380 2712 quam
1399 2654 1656 2698 necessarius
1685 2654 1740 2698 ad

180 2736 428 2789 doctrinam,
468 2733 523 2776 ad
560 2732 820 2790 patientiam,
861 2732 915 2774 ad
953 2730 1292 2784 consolationem,
1327 2736 1377 2773 ut
1407 2730 1451 2772 in
1483 2744 1557 2786 spe
1595 2728 1742 2772 salutis

181 2810 350 2854 adaucti
368 2807 503 2852 indies
522 2807 656 2864 magis
676 2806 979 2849 confirmemur.
1036 2804 1338 2848 Adhortationi
1360 2820 1505 2862 preces
1534 2803 1741 2861 adjungit,

180 2901 266 2930 ver.
289 2887 327 2929 5.
347 2899 423 2942 pro
443 2897 647 2927 consensu
666 2887 826 2935 mutuo,
847 2881 897 2923 ut
916 2887 1004 2923 tam
1018 2879 1138 2934 firmi,
1161 2894 1286 2936 quam
1306 2878 1458 2922 infirmi
1478 2878 1523 2921 in
1549 2877 1741 2921 omnibus
