1887 3188
188 216 270 257 428
794 227 1180 270 COMMENTARIUS,

189 345 366 389 Summa
396 352 488 388 est:
522 345 610 398 Qui
642 345 877 402 pharisaice
910 354 1029 390 vetas
1053 348 1098 389 in
1130 347 1269 405 legem
1297 363 1486 404 peccare,
1518 363 1614 390 cum
1646 347 1782 390 omnis

187 420 354 476 peccati
374 420 417 461 in
439 420 624 476 speciem
655 421 953 475 detestatione,
983 438 1092 477 quae
1123 430 1256 477 vetas,
1288 423 1391 465 facis
1422 423 1491 465 vel
1521 423 1683 476 eadem,
1715 421 1784 465 vel

188 494 397 551 graviora,
429 509 527 537 cum
565 494 748 537 nominis
788 496 923 537 divini
963 497 1232 551 contumelia,
1274 497 1389 552 quod
1429 497 1582 553 probat
1622 495 1782 538 Ezech.

189 569 335 611 xxxvi.
378 571 446 623 23,
478 576 528 611 ut
558 569 741 622 videtur,
779 570 1013 626 obsignatis
1049 586 1179 626 agens
1214 571 1371 613 tabulis
1412 572 1467 613 ad
1504 587 1575 613 eos
1611 570 1787 613 convin-

191 645 372 686 cendos:
396 643 544 698 Atque
566 644 627 685 ita
647 644 842 685 omnibus
864 660 960 686 cum
976 645 1071 700 lege
1088 645 1394 701 praerogativis
1407 644 1787 701 transgressionem

190 718 297 774 legis
319 717 519 773 opponit3
552 733 636 772 qua
655 733 741 758 una
763 717 892 759 etiam
920 718 1250 761 circumcisionis
1282 719 1578 775 exceptionem
1607 718 1788 774 repellit,

191 807 448 848 quamquam
469 791 764 833 circumcisum
786 807 876 834 essc
899 799 942 834 et
962 792 1182 835 Judaeum
1207 808 1298 835 esse
1319 808 1364 835 re
1385 807 1518 835 unum
1539 793 1626 835 sint
1643 809 1652 835 ε
1683 792 1790 835 Ideo

192 882 289 909 cum
310 866 532 922 praeputio
554 875 783 921 comparat,
806 882 890 921 quo
911 866 1081 909 nomine
1099 874 1142 909 et
1162 867 1479 923 praeputiatum
1501 882 1554 908 ex
1576 866 1792 909 Gentibus

191 938 407 993 intelligit,
430 945 558 993 atque
584 938 713 980 etiam
737 938 1055 981 Gentilismum.
1106 939 1280 982 Dicitur
1300 947 1443 982 autem
1464 931 1735 997 αἶκξοβυστία
1765 946 1791 973 a

192 1013 379 1069 tegendo
413 1028 620 1054 summam
651 1020 829 1055 naturae
850 1020 1029 1069 partem,
1062 1029 1190 1069 quam
1222 1013 1372 1057 Celsus
1404 1015 1604 1071 glandem
1637 1020 1763 1057 vocat
1780 1029 1791 1063 ;

193 1088 352 1130 Latine
374 1103 474 1129 vero
505 1087 776 1143 praeputium
807 1088 1018 1130 contrario
1052 1104 1191 1142 sensu,
1221 1090 1336 1144 quod
1365 1089 1563 1145 pellicula
1592 1089 1792 1146 glandem

193 1168 344 1218 tegens
378 1161 697 1204 circumcisione
739 1163 1105 1218 praeputiaretur:
1136 1163 1236 1206 hinc
1266 1163 1462 1206 Judaeus
1490 1164 1646 1220 Apella
1680 1163 1796 1220 apud

193 1237 418 1293 profanum
438 1243 621 1293 poetam,
645 1243 689 1279 et
710 1237 951 1290 Recutitus,
975 1244 1018 1279 et
1039 1237 1121 1279 alia
1143 1238 1350 1293 ejusmodi
1376 1238 1520 1294 probri
1539 1238 1633 1281 loco
1653 1254 1679 1280 a
1698 1253 1796 1294 pro-

194 1312 303 1354 fanis
318 1311 498 1366 objecta.
539 1311 735 1354 Adverte
748 1312 1006 1368 Apostolum
1020 1312 1063 1353 in
1078 1319 1171 1355 tota
1183 1313 1262 1356 hac
1276 1313 1593 1369 comparatione
1603 1312 1800 1369 exhypo-

196 1386 309 1429 thesi
340 1386 571 1442 disputare,
593 1401 647 1428 ne
669 1385 763 1440 quis
785 1386 1002 1428 existimet
1022 1402 1120 1428 cum
1150 1386 1337 1442 Papanis
1368 1393 1443 1429 aut
1473 1386 1694 1429 Judaeum
1723 1391 1799 1428 aut

199 1460 420 1504 Gentilem
441 1460 575 1502 ullum
595 1460 782 1515 perfecte
802 1460 942 1516 legem
969 1460 1014 1501 in
1044 1460 1124 1503 hac
1155 1461 1247 1503 vita
1277 1468 1495 1517 praestare
1527 1476 1679 1517 posse:
1710 1460 1799 1504 Sed

198 1534 279 1576 hoc
301 1534 394 1576 vult
415 1533 651 1590 Apostolus
680 1534 1044 1576 circumcisionem
1065 1535 1120 1576 ad
1141 1550 1317 1590 operum
1332 1535 1548 1590 justitiam
1569 1535 1660 1578 sine
1689 1535 1797 1591 legis

200 1608 497 1652 observatione
532 1608 640 1649 nihil
674 1623 821 1663 posse:
863 1608 959 1650 ideo
996 1608 1102 1650 dicit
1139 1611 1194 1651 25
1232 1625 1271 1651 v.
1305 1609 1670 1652 circumcisionem
1707 1608 1800 1651 fieri

200 1683 484 1740 praeputium,
515 1682 584 1725 i.e.
616 1689 839 1725 externum
871 1683 1079 1737 ejusmodi
1104 1683 1381 1725 Judaismum
1409 1684 1568 1726 violata
1598 1683 1694 1739 lege
1725 1699 1802 1740 pro

203 1757 462 1801 Gentilismo
478 1757 735 1811 habendum,
753 1773 831 1800 nec
853 1757 1034 1799 alterum
1055 1757 1188 1800 altero
1205 1757 1434 1813 quicquam
1455 1758 1591 1815 magis
1611 1759 1665 1801 ad
1676 1758 1804 1814 justi-

204 1832 448 1876 ficationem
470 1848 524 1874 ex
544 1831 742 1888 operibus
772 1847 913 1874 coram
934 1832 1031 1875 Deo
1056 1832 1260 1875 conferre.
1322 1832 1394 1876 Sic
1423 1835 1477 1876 26
1499 1849 1540 1876 v.
1562 1834 1665 1875 dum
1685 1847 1806 1889 prae-

203 1907 325 1965 putio
347 1906 512 1960 tribuit,
533 1907 602 1949 i.e.
630 1906 795 1963 gentili,
818 1914 863 1949 et
889 1907 1159 1963 praeputiato
1187 1907 1426 1950 custodiam
1450 1907 1558 1964 legis
1587 1907 1657 1950 vel
1685 1907 1810 1950 insti-

204 1989 398 2025 tutorum
417 1982 632 2038 legalium,
655 1981 761 2023 nihil
792 1981 975 2023 affirmat
999 1982 1081 2023 nisi
1114 1997 1168 2024 ex
1199 1982 1458 2036 conditione,
1479 1982 1515 2024 si
1548 1988 1662 2025 esset
1692 1981 1805 2024 ullus

205 2056 463 2112 hujusmodi,
485 2056 576 2111 ejus
599 2056 883 2099 Gentilismus
904 2056 942 2098 ei
958 2071 1035 2112 pro
1055 2056 1284 2099 Judaismo
1308 2057 1606 2113 imputaretur,
1627 2063 1672 2100 et
1689 2055 1808 2100 Gen-

207 2131 296 2175 tilis
316 2146 394 2188 pro
414 2131 448 2173 J
450 2131 587 2174 udaeo
607 2130 760 2173 merito
780 2130 1022 2173 haberetur.
1083 2130 1327 2174 Consimilis
1357 2130 1547 2174 conditio
1578 2137 1644 2174 est
1673 2145 1715 2173 v.
1737 2132 1808 2184 27,

208 2206 325 2262 quod
338 2213 404 2249 est
420 2221 474 2248 ex
488 2212 643 2248 natura
657 2205 942 2262 praeputium,
958 2205 1026 2247 i.e.
1045 2204 1233 2248 Gentilis
1246 2205 1499 2248 naturaliter
1513 2203 1808 2261 praeputiatus

207 2282 347 2338 legem
368 2279 592 2337 perficiens
613 2287 688 2322 aut
708 2287 942 2336 praestans,
964 2295 1050 2322 non
1071 2280 1186 2336 quod
1206 2287 1396 2336 praestet
1415 2286 1491 2322 aut
1511 2279 1705 2336 perficiat
1724 2279 1808 2322 nisi

210 2356 257 2398 in
279 2355 453 2398 Christo
467 2354 553 2398 fide
569 2355 846 2411 apprehenso,
862 2361 913 2397 ut
929 2370 1076 2397 omnes
1093 2370 1192 2397 vere
1214 2354 1448 2398 Christiani
1465 2370 1476 2396 ε
1505 2354 1579 2396 sed
1600 2353 1708 2395 nihil
1727 2353 1808 2397 hoc

211 2429 266 2471 ad
281 2429 494 2483 justitiam
515 2444 704 2485 operum,
726 2429 780 2472 de
801 2445 886 2485 qua
905 2429 974 2472 hic
995 2429 1201 2486 disputat.
1259 2429 1479 2472 Judaeum
1498 2435 1625 2472 vocat
1644 2418 1714 2468 τᾶν
1737 2419 1809 2468 διὰ

207 2496 474 2559 γράμματος
486 2494 565 2543 καὶ
581 2499 816 2560 περιτομῆς,
838 2504 905 2546 i.e.
925 2503 1050 2546 litera
1070 2509 1114 2546 et
1135 2501 1454 2545 circumcisione
1473 2503 1716 2559 praeditum
1735 2509 1812 2546 aut

212 2578 385 2632 fretum,
407 2584 451 2619 et
470 2578 577 2632 legis
598 2585 643 2620 et
655 2577 986 2621 circumcisionis
1003 2584 1204 2620 externae
1216 2577 1373 2619 fiducia
1391 2583 1642 2634 peccantem
1662 2584 1812 2620 contra

213 2651 367 2709 legem.
429 2650 559 2704 Quod
579 2667 681 2708 ergo
701 2652 776 2706 ait,
799 2652 1018 2695 Gentilem
1038 2651 1146 2708 legis
1167 2652 1388 2694 custodem
1409 2652 1709 2694 damnaturum
1729 2651 1764 2694 J
1764 2667 1814 2694 u-

215 2727 370 2770 daeum
389 2725 496 2782 legis
516 2732 885 2782 transgressorem,
907 2742 962 2769 ex
981 2725 1211 2782 hypothesi
1231 2726 1305 2780 ait,
1326 2726 1409 2769 nisi
1427 2726 1598 2769 fidelem
1619 2741 1674 2769 ex
1694 2725 1815 2770 Gen-

214 2800 332 2844 tibus
352 2806 397 2844 et
417 2799 711 2844 Christianum
740 2800 850 2843 forte
874 2800 1088 2858 intelligas
1105 2817 1116 2843 ε
1147 2801 1329 2857 ideoque
1349 2803 1405 2846 28
1426 2817 1468 2844 v·
1489 2800 1641 2843 definit
1661 2814 1811 2844 verum

215 2875 449 2931 Judaeum,
469 2881 519 2919 et
543 2889 690 2919 veram
709 2874 1075 2919 cimumeisionem
1095 2890 1181 2918 non
1202 2882 1380 2919 externa
1399 2875 1672 2933 professionis
1691 2880 1809 2930 nota,
