1887 3188
675 237 776 266 cAP.
800 238 871 266 111.
897 227 1040 268 13-20.
1575 226 1660 268 433

58 353 332 408 justificetur,
354 370 453 396 nam
474 370 652 412 arguere
672 363 895 410 peccatum
919 373 967 398 ac
990 357 1258 411 injustitiam,
1277 364 1321 399 et
1336 357 1571 412 justificare
1592 357 1660 399 vcl

56 429 224 482 justum
244 429 519 484 pronuntiare
541 436 641 471 sunt
663 430 934 473 dissentanea
951 438 1080 486 atque
1099 432 1306 487 opposita.
1369 431 1555 474 Omnem
1572 446 1662 474 car-

64 517 164 545 nem
184 510 309 545 vocat
331 519 476 546 omnes
497 504 690 546 homines
721 505 766 545 in
787 505 958 547 Adamo
980 513 1133 548 natura
1154 512 1389 561 corruptos,
1413 522 1461 548 ac
1482 506 1661 561 proinde

63 577 151 620 irae
180 578 302 632 filios,
335 586 384 621 ut
426 570 504 617 ὑιοὶ
537 575 611 626 τῆς
646 572 869 635 &es-feteam,
902 580 1064 636 Ephes.
1099 581 1143 622 ii.
1177 583 1218 622 2.
1290 573 1441 636 Νόμου
1472 581 1540 623 hic
1574 581 1663 624 sine

65 652 244 694 articulo
265 653 422 709 posuit,
444 661 494 696 ut
516 661 604 696 tam
625 662 803 697 naturae
824 671 952 710 quam
973 655 1108 697 Mosis
1136 656 1277 712 legem
1307 672 1332 697 a
1356 656 1664 711 justificatione

67 727 326 770 excluderet.
386 728 440 769 In
469 728 596 783 hujus
618 736 762 771 autem
785 730 900 772 vocis
921 730 1048 771 unius
1070 730 1187 771 varia
1217 731 1473 786 repetitione
1505 738 1570 773 est
1601 731 1665 772 di-

65 802 166 844 vina
196 795 403 855 ἀφελότης
425 810 468 845 et
489 803 669 859 simplex
699 803 769 857 (ut
789 804 851 846 ita
880 805 1048 860 loquar)
1071 805 1303 847 mundities
1325 821 1408 847 non
1441 806 1495 846 ad
1527 804 1666 846 suavi-

67 883 202 918 tatem
232 878 372 930 modo,
404 878 479 919 sed
512 878 646 920 multo
677 878 812 934 magis
844 879 1086 921 efficaciam.
1146 874 1209 919 ‘O
1245 872 1378 935 νόμος,
1414 877 1492 919 τοῦ
1525 871 1665 935 νόμον,

68 941 152 990 ὑπὸ
172 948 249 991 τοῦ
272 943 410 1007 νόμον,
437 944 557 1008 ἔργων
593 945 732 1008 νόμου,
762 944 831 991 διὰ
856 945 995 1009 νόμου,
1020 945 1143 1010 χωρὶς
1166 946 1307 1009 νόμου,
1342 961 1407 996 ter
1437 970 1534 997 cum
1564 953 1667 995 arti-

67 1026 164 1068 culo
185 1026 320 1069 Mosis
348 1027 487 1083 legem
518 1027 692 1081 indicat,
714 1028 898 1070 totidem
927 1029 1103 1071 vocibus
1134 1030 1225 1071 sine
1257 1029 1437 1071 articulo
1469 1028 1667 1071 universe

67 1100 288 1156 accipitur.
337 1101 371 1143 J
375 1101 616 1143 ustificandi
629 1102 808 1144 verbum
823 1102 989 1146 forense
1006 1103 1075 1146 hic
1093 1111 1171 1158 est,
1187 1111 1237 1146 ut
1258 1110 1402 1146 cetera
1416 1104 1504 1145 fere
1525 1102 1668 1145 omnia

67 1174 113 1216 in
133 1175 213 1218 hac
233 1176 537 1231 disputatione,
560 1183 603 1218 et
624 1177 969 1219 condemnationi
991 1179 1231 1234 opponitur,
1253 1185 1303 1221 ut
1334 1179 1448 1234 apud
1477 1178 1670 1222 Solomo-

68 1265 166 1292 nem
189 1259 233 1293 et
253 1251 423 1306 passim.
483 1251 606 1294 Haec
636 1252 845 1308 particula
867 1243 970 1291 διότι
1001 1268 1053 1294 ex
1085 1268 1164 1294 usu
1196 1251 1389 1294 Graecae
1418 1251 1591 1307 linguae
1623 1257 1668 1293 et

69 1324 196 1379 hujus
216 1325 417 1381 Apostoli
437 1326 616 1368 causalis
638 1333 716 1380 est,
739 1326 798 1369 sic
819 1327 978 1382 passim
999 1327 1257 1369 Aristoteles
1281 1326 1467 1369 maxime
1497 1326 1542 1367 in
1562 1325 1668 1368 Pro-

69 1399 279 1454 blematis,
316 1401 376 1444 sic
407 1400 644 1456 Apostolus
677 1417 804 1457 supra
836 1417 928 1457 cap.
965 1401 992 1443 i.
1032 1403 1084 1444 19
1123 1408 1166 1443 et
1197 1402 1267 1454 21,
1300 1408 1345 1443 et
1380 1401 1433 1442 ad
1472 1400 1572 1443 Gal.
1607 1400 1666 1441 iii.

71 1473 144 1518 Sic
167 1474 324 1517 Graeci
345 1490 490 1517 omnes
512 1482 555 1517 et
576 1475 739 1528 Latini,
763 1475 822 1518 sic
855 1475 990 1532 Syrus
1022 1476 1231 1532 interpres
1255 1482 1298 1518 et
1319 1475 1451 1531 Vulg.
1475 1482 1518 1518 et
1539 1475 1669 1517 Eras-

70 1565 178 1603 mus,
201 1550 260 1592 sic
282 1549 500 1605 Complut.
523 1557 566 1592 et
598 1550 757 1606 Philip.
788 1550 931 1592 Biblia
953 1551 1226 1607 distinguunt
1246 1558 1407 1606 puncto
1429 1550 1473 1591 in
1504 1565 1670 1592 summa

69 1623 194 1666 linea.
255 1623 376 1677 Quid
396 1624 561 1666 multa?
581 1640 648 1666 res
669 1625 761 1680 ipsa
780 1625 861 1666 hoc
883 1625 990 1678 vult,
1012 1632 1266 1681 argumento
1287 1641 1312 1667 a
1331 1641 1488 1682 genere
1505 1625 1559 1666 ad
1576 1641 1670 1681 spe-

71 1698 192 1751 ciem,
210 1698 299 1740 sive
316 1714 341 1740 a
359 1698 455 1755 lege
476 1698 520 1739 in
536 1713 693 1754 genere
714 1699 768 1740 ad
789 1699 929 1755 legem
945 1699 1096 1742 Mosis.
1155 1699 1313 1742 Nullus
1329 1700 1456 1742 homo
1474 1715 1527 1742 ex
1542 1699 1670 1742 ullius

70 1771 177 1828 legis
193 1771 391 1828 operibus
405 1772 668 1826 justificatur
687 1787 829 1815 coram
849 1773 971 1823 Deo3
993 1773 1112 1830 Ergo
1126 1789 1204 1816 nec
1225 1774 1387 1816 Judaei
1400 1774 1560 1830 exlege
1574 1774 1672 1817 Mo-

71 1846 196 1900 saica,
213 1853 301 1900 aut,
315 1853 365 1889 ut
384 1846 574 1902 loquitur
588 1846 837 1903 Apostolus,
853 1847 1147 1904 Quaecunque
1167 1849 1238 1891 lex
1250 1849 1442 1892 Mosaica
1456 1849 1583 1904 jubet
1594 1855 1671 1892 aut

71 1927 206 1974 vetat,
228 1922 377 1964 eadem
396 1921 579 1964 Judaeis
599 1922 792 1976 instillat,
813 1929 864 1965 ut
885 1923 945 1965 eis
966 1923 1175 1966 convictis
1191 1924 1375 1967 violatae
1395 1924 1502 1981 legis
1524 1939 1670 1967 omnes

72 1995 265 2038 homines
281 1995 603 2049 convincantur,
618 2004 662 2038 et
675 1997 956 2052 subjiciantur
969 1998 1138 2041 divinae
1152 1998 1499 2041 condemnationi
1511 2015 1522 2048 3
1540 2005 1670 2054 atque

72 2070 154 2114 hoc
185 2076 263 2124 est,
295 2070 409 2125 quod
431 2070 667 2127 Apostolus
698 2071 900 2114 effectum
932 2073 1070 2115 voluit
1095 2073 1184 2127 jam
1213 2073 1314 2115 inde
1344 2090 1369 2115 a
1391 2075 1444 2117 18
1469 2089 1508 2116 v.
1532 2075 1555 2116 1
1577 2089 1670 2130 cap.

75 2144 239 2188 Omnes
259 2145 452 2188 homines
475 2161 566 2188 esse
590 2138 938 2199 ἁναπολογῆτους
959 2149 1003 2183 et
1028 2139 1254 2195 ὑποδίκους
1277 2144 1338 2204 τῷ
1362 2144 1450 2205 θεῷ.
1517 2149 1672 2193 Fefelli

72 2220 504 2276 fortasseinterpretis
512 2220 655 2263 nescio
668 2236 778 2276 quae
791 2221 933 2277 opinio
945 2222 1188 2278 prolepseos
1201 2239 1242 2266 v.
1252 2225 1319 2278 19,
1333 2239 1429 2266 cum
1444 2223 1501 2266 sit
1513 2239 1672 2266 novum

72 2302 386 2352 argumentum,
408 2295 537 2350 idque
566 2295 902 2337 valentissimum
933 2312 958 2338 a
986 2296 1072 2339 fine
1092 2297 1212 2353 legis,
1234 2313 1318 2353 quo
1340 2287 1384 2340 et
1414 2297 1515 2339 alibi
1535 2297 1673 2340 utitur

72 2369 321 2426 Apostolus.
380 2370 463 2413 Est
483 2361 692 2418 ἇπόδειξις
713 2370 974 2426 Apostolica,
1003 2370 1124 2425 cujus
1153 2371 1387 2427 propositio
1418 2370 1670 2425 subticetur,

74 2444 308 2500 assumptio
329 2445 642 2488 conclusionem
664 2445 870 2500 sequitur,
887 2445 1222 2501 assumptionem
1243 2460 1344 2488 vero
1366 2446 1556 2501 ejusdem
1575 2461 1672 2502 pro·-

74 2519 206 2562 batio.
255 2518 466 2575 Expende
487 2519 749 2576 diligentius.
801 2519 936 2575 Syrus
952 2519 1083 2562 habet
1096 2519 1414 2576 inscriptionem
1431 2526 1531 2563 ante
1544 2536 1586 2564 v.
1602 2522 1670 2575 19,

74 2593 230 2636 Lectio
250 2592 535 2649 Martyrum.*
593 2594 726 2637 Unde
745 2594 961 2651 intelligas
988 2611 1030 2637 v.
1054 2596 1107 2638 19
1129 2610 1155 2637 a
1177 2596 1229 2639 18
1255 2595 1456 2653 disjungi,
1477 2602 1523 2639 et
1543 2611 1671 2638 sensu

75 2667 297 2724 distingui,
338 2674 384 2710 et
419 2667 607 2712 sectione
645 2684 758 2712 nova
795 2684 952 2711 novam
986 2669 1176 2712 inchoari
1211 2670 1483 2712 sententiam.
1554 2669 1673 2712 Hae-

75 2749 203 2786 tenus
233 2757 335 2799 ergo
365 2742 555 2785 ostendit
578 2742 669 2797 jam
688 2743 790 2786 inde
810 2758 836 2785 a
858 2745 926 2787 18.
947 2759 989 2786 v.
1014 2745 1036 2785 1.
1060 2759 1153 2800 cap.
1182 2744 1345 2787 nullam
1364 2744 1410 2786 in
1429 2744 1672 2787 hominibus

75 2816 204 2860 ullius
223 2816 380 2874 gentis,
401 2823 478 2859 aut
497 2816 657 2860 ordinis
671 2816 885 2872 justitiam
907 2833 984 2873 per
1003 2825 1200 2861 naturam
1231 2834 1337 2874 esse,
1368 2818 1489 2874 cujus
1519 2818 1673 2862 merito

710 2901 734 2926 ³*
755 2897 908 3003 [13σέΦέ
919 2899 1039 2957 ΜΩ]
