1887 3188
642 253 690 282 IN
712 253 934 283 FERMIUM
955 253 1194 283 EPICEDIA.

268 385 321 423 Et
340 386 457 423 verbo
477 390 516 422 et
535 386 624 431 vita,
647 387 874 435 calumoque
894 386 1061 435 insignia
1081 386 1227 425 Christi

321 456 569 494 Praetuleras
588 457 740 506 popu10,
763 463 806 494 ut
824 462 862 494 te
882 462 1107 506 sequeretur
1126 469 1269 494 ovans:

267 526 465 564 Adduxsti
484 527 534 564 ad
554 525 753 565 Christum
773 527 924 572 multos,
946 540 1049 565 nunc
1068 532 1150 565 tute
1169 527 1366 577 triumpha

321 597 422 636 Cum
444 597 611 644 Christo,
632 597 834 647 Angelicis
853 599 1070 636 consociate
1090 598 1228 636 choris.

266 670 420 720 Ingenii
439 675 690 707 monumenta
705 671 761 707 tui
780 671 981 719 praeclara
1000 671 1195 716 cluebunt,

319 740 443 790 Ignea
462 741 555 778 dum
573 742 702 779 volvet
721 741 871 780 lucidus
890 748 994 780 astra
1013 742 1136 791 polus.

267 810 343 850 Sed
362 811 541 860 sequiora
561 818 719 850 manent
738 813 877 858 hostes,
899 813 974 850 nisi
994 812 1171 851 Christus
1190 811 1301 849 Iesus

321 881 619 929 Commiserans‚
640 889 788 922 mentes
807 885 867 922 his
886 897 1072 922 renovare
1093 884 1198 922 velit.

266 953 454 993 Interiere
475 955 600 1002 simul,
622 956 750 993 subita
768 962 966 1006 grassante
985 956 1111 1001 ruina,

321 1026 540 1072 Pontifices,
563 1027 732 1064 animam
752 1028 819 1076 qui
838 1028 982 1076 petiere
1002 1033 1108 1064 tuam
1126 1041 1134 1063 :

267 1096 314 1133 In
336 1097 512 1145 squalore
525 1097 669 1146 jacent,
691 1099 980 1148 ignominiaque
1000 1098 1151 1147 sepulti,

323 1167 375 1205 Et
394 1169 550 1205 meritas
570 1181 712 1217 poenas
731 1169 851 1218 impia
870 1170 983 1206 turba
1002 1169 1085 1206 luit.

268 1238 315 1274 In
336 1251 512 1287 spumam
532 1244 571 1276 et
589 1238 737 1276 fumum
757 1240 900 1288 pariter
919 1245 1118 1277 vertantur
1138 1239 1319 1284 inamem,

324 1308 523 1357 Quotquot
542 1310 589 1347 de
609 1310 729 1347 servis
749 1311 803 1348 sic
823 1323 999 1348 meruere
1019 1309 1131 1346 DEI.

268 1379 325 1416 At
343 1379 467 1416 Firmi
486 1386 670 1418 maneant
688 1380 848 1418 Domini
869 1381 935 1429 qui
949 1380 1058 1430 jussa
1077 1385 1292 1429 capessunt,

322 1450 456 1500 Atque
476 1451 552 1489 illis
571 1457 699 1490 tecum
720 1452 799 1489 vita
817 1453 932 1490 beata
951 1452 1033 1489 siet.

561 1713 803 1757 EJUSDEM
834 1713 892 1755 IN
926 1713 1013 1754 DIE
1050 1713 1248 1757 OBITUS.

378 1841 470 1880 Una
488 1841 573 1878 luce
593 1840 699 1889 prius
719 1838 785 1878 Sol
804 1839 940 1876 unicus
960 1839 1099 1876 occidit
1117 1839 1225 1883 orbi3

357 1933 362 1935 ἡ
432 1911 618 1950 Occidere
637 1910 733 1947 haec
752 1909 850 1947 soles
869 1909 939 1946 lux
956 1909 1062 1947 videt
1081 1922 1159 1946 una
1178 1910 1284 1947 duos.

377 1983 443 2022 Sol
462 1982 568 2021 coelo
587 1987 645 2020 est
663 1981 857 2026 Phoebus,
878 1985 1004 2018 terrae
1023 1979 1245 2027 Fermaeus,
1267 1986 1306 2018 at
1325 1981 1390 2019 ille

428 2053 534 2092 Luce
553 2052 694 2098 oculos,
716 2064 831 2090 caeca
849 2051 912 2089 hic
931 2056 1088 2100 pectora
1105 2051 1191 2088 luce
1209 2052 1310 2089 beat.

376 2125 453 2164 Sed
472 2129 603 2174 surget
619 2123 804 2161 Phoebus
822 2122 908 2160 luce
927 2127 966 2159 et
983 2121 1196 2160 Fermaeus
1215 2122 1362 2168 eadem,

431 2195 562 2244 Quum
581 2194 712 2232 veniet
729 2192 824 2230 felix
842 2192 999 2230 ultimus
1018 2192 1083 2230 ille
1103 2193 1196 2230 dies.

345 2303 349 2308 .
374 2267 520 2305 Postea
537 2277 615 2303 non
634 2269 764 2313 surget
781 2263 976 2309 Phoebus,
997 2263 1064 2300 sed
1083 2263 1253 2301 culmina
1272 2261 1382 2302 Coeli

430 2336 598 2376 Scandet
616 2335 838 2380 Fermaeus,
860 2339 904 2371 ut
921 2345 1037 2383 super
1055 2338 1159 2371 astra
1177 2333 1303 2371 micet.

375 2407 517 2445 Purior
535 2412 574 2444 et
592 2406 753 2443 Phoebo
773 2404 988 2454 splendebit
1005 2409 1132 2441 terrea
1149 2403 1281 2449 moles,

428 2479 602 2516 Aeterno
620 2476 713 2515 felix
731 2475 916 2513 irradiata
934 2474 1008 2512 die.

376 2549 564 2596 Christus,
579 2547 753 2597 justitiae
773 2545 850 2592 Sol,
872 2552 963 2583 tunc
982 2545 1056 2583 erit
1074 2544 1252 2582 omnibus
1270 2545 1412 2593 omnia,

428 2620 581 2668 Illaque
599 2618 829 2658 Sanctorum
848 2615 971 2666 gloria
990 2615 1167 2655 Christus
1181 2615 1276 2653 erit:

376 2689 514 2729 Gloria
531 2695 624 2728 tunc
641 2689 764 2735 Patri,
785 2693 941 2735 aeterno
960 2691 1052 2724 tunc
1069 2685 1194 2736 gloria
1210 2684 1328 2733 Nato,

431 2760 592 2810 Spiritui
610 2765 650 2797 et
667 2758 810 2798 Sancto
828 2757 951 2808 gloria
969 2768 1121 2806 semper
1139 2755 1223 2794 erit.

1645 243 1698 284 29
