1887 3188
175 195 226 233 41
235 195 260 235 Ο
837 203 1220 243 COMMEN'rAmUs,

173 324 403 376 Romanos,
418 324 491 379 qui
506 324 666 366 Romae
680 323 878 379 agebant,
897 324 970 365 sed
989 323 1116 365 etiam
1134 323 1291 365 incolas
1307 337 1465 374 omnes,
1481 328 1524 363 et
1541 320 1768 376 inquilinos

173 398 299 440 modo
329 398 475 440 fideles
506 398 732 455 compellat
751 414 760 439 :
791 397 981 440 fidelium
1005 413 1106 439 vero
1127 396 1356 452 descriptio
1387 395 1532 437 divino
1553 410 1696 437 amore
1716 393 1770 436 ab

172 479 358 525 aeterno,
381 480 424 515 et
445 480 592 514 sancta
619 472 842 515 vocatione
863 472 907 512 in
929 478 1122 526 tempore
1144 469 1532 526 comprehenditur,
1563 476 1613 511 ut
1643 474 1771 510 antea

171 537 352 593 κλητοῦς
371 541 493 593 Intro&
511 538 700 603 Χριστοῦ
716 546 943 589 efficaciter
963 552 1136 587 vocatos
1157 561 1233 600 per
1254 544 1540 601 Evangelium
1557 545 1611 585 ad
1627 542 1771 586 Chris-

174 626 268 662 tum
288 620 372 663 fide
395 621 749 676 amplectendum,
773 628 815 662 et
836 620 904 662 hic
925 616 1091 665 κλητοῖς
1108 611 1246 671 ἅγῖθίς
1266 627 1278 657 2
1302 634 1399 660 nam
1421 634 1475 661 ex
1495 610 1671 671 ἀγάπης
1691 612 1768 656 τοῦ

176 690 263 734 θεοῦ
288 690 492 737 immenso
508 695 580 737 illo
596 695 682 736 Dei
698 709 840 736 amore
856 694 900 735 in
919 693 1091 736 Christo
1108 709 1184 749 per
1198 693 1483 749 Evangelium
1501 707 1701 735 vocamur
1716 692 1771 733 ad

174 769 458 821 sanctitatem,
477 784 585 823 quae
603 774 668 810 est
685 768 854 810 divinae
868 768 1030 824 gratiae
1046 768 1091 809 in
1107 767 1228 809 nobis
1246 767 1458 820 effectum,
1477 774 1520 809 et
1535 766 1770 822 imputatae

173 842 306 898 gratis
321 842 588 885 obedientiae
607 841 770 885 Christi
790 842 834 883 in
849 842 1063 897 justitiam
1079 841 1386 895 testimonium,
1408 852 1486 883 nec
1508 840 1647 882 minus
1664 839 1772 882 elec-

174 916 302 958 tionis
324 923 637 973 argumentum,
660 932 788 971 quam
810 923 1007 958 aeternae
1029 916 1144 958 vitae
1165 916 1334 972 pignus.

232 991 456 1033 Hactenus
471 990 655 1033 officium
668 991 805 1043 Pauli,
824 998 867 1032 et
884 1006 1036 1032 munus
1053 990 1352 1046 Apostolicum
1369 1006 1469 1046 erga
1482 990 1772 1032 Romanorum

173 1065 424 1107 Ecclesiam.
487 1064 693 1119 Sequitur
724 1064 913 1106 studium
945 1072 989 1106 et
1021 1064 1318 1106 benevolentia
1347 1064 1625 1119 Apostolica:
1662 1078 1770 1119 quae

173 1140 330 1196 partim
352 1140 618 1192 salutatione,
641 1139 798 1194 partim
818 1139 1103 1194 gratulatione
1135 1139 1384 1194 explicatur,
1416 1154 1464 1181 ac
1495 1138 1631 1194 primo
1662 1137 1772 1180 salu-

174 1214 282 1256 tatio
300 1214 560 1270 Apostolica,
578 1213 645 1255 i.e.
662 1213 859 1269 religiosa
876 1220 919 1255 et
935 1220 1095 1255 sancta.
1148 1212 1324 1255 Gratiae
1342 1219 1386 1255 et
1401 1212 1516 1268 pacis
1530 1212 1772 1254 nominibus

174 1288 337 1331 fontem
359 1288 642 1344 spiritualium
663 1287 1009 1330 benedictionum
1029 1303 1126 1330 cum
1146 1287 1294 1329 rivulis
1326 1287 1521 1329 omnibus
1552 1286 1770 1343 intelligit,

175 1364 237 1405 ita
257 1370 305 1405 ut
326 1363 464 1419 gratia
478 1362 797 1417 justificationis
819 1378 873 1404 ex
893 1362 990 1415 fide,
1020 1369 1064 1404 et
1084 1377 1169 1417 pax
1190 1377 1291 1418 erga
1311 1361 1468 1415 Deum,
1493 1368 1543 1404 ut
1565 1369 1630 1404 est
1649 1360 1773 1403 initio

175 1454 218 1481 v.
239 1453 344 1494 cap„
376 1453 494 1493 spem
516 1437 742 1479 caelestem
765 1443 807 1478 et
829 1443 997 1479 caetera
1018 1436 1159 1478 omnia
1180 1436 1415 1491 spiritualia
1434 1435 1641 1478 beneficia
1660 1450 1774 1478 com-

175 1513 430 1568 plectantur,
467 1527 575 1566 quae
610 1527 635 1552 a
669 1518 790 1566 patre
825 1511 869 1552 in
907 1510 1079 1553 Christo
1119 1526 1195 1566 per
1231 1510 1440 1566 Spiritum
1481 1509 1688 1552 Sanctum
1728 1509 1774 1550 in

177 1587 334 1630 electos
355 1586 645 1628 conferuntur.
706 1585 836 1627 Unde
859 1592 906 1626 ut
926 1585 1072 1640 patris,
1095 1585 1156 1626 ita
1184 1585 1261 1626 filii
1291 1584 1493 1626 divinitas
1523 1584 1602 1626 hac
1632 1583 1774 1625 fausta

177 1661 422 1718 precatione
462 1660 632 1702 divinae
672 1659 910 1716 largitionis
947 1666 1199 1715 argumento
1240 1659 1458 1715 arguitur:
1500 1657 1604 1713 quin
1644 1657 1773 1700 etiam

179 1735 377 1792 Apostoli
408 1750 509 1791 erga
539 1734 755 1776 Romanos
777 1733 967 1776 studium
998 1741 1042 1776 et
1073 1733 1370 1776 benevolentia
1399 1740 1617 1775 tantorum
1643 1732 1775 1775 bono-

176 1826 273 1852 rum
310 1809 616 1865 imprecatione
656 1809 1006 1858 commendatur3
1056 1823 1135 1850 nec
1176 1807 1314 1849 minus
1355 1813 1502 1850 sancta
1540 1806 1773 1863 gratiarum

179 1884 360 1938 actione,
386 1899 472 1938 qua
491 1882 696 1925 Romanis
725 1882 828 1924 fidei
847 1882 1140 1925 celebritatem
1162 1898 1215 1924 ex
1234 1881 1411 1935 laetitia,
1433 1896 1560 1936 quam
1585 1880 1700 1937 capit
1720 1895 1775 1922 ex

180 1974 326 2002 eorum
365 1958 571 2000 felicitate
611 1957 852 2013 gratulatur
873 1956 1036 2007 3—Ubi
1075 1972 1161 1999 non
1201 1956 1341 1998 minus
1383 1955 1602 1999 Christum
1641 1955 1776 1997 filium

179 2049 277 2076 cum
297 2032 394 2074 Deo
423 2038 544 2088 patre
575 2031 810 2086 conjungit,
844 2046 897 2072 ex
921 2046 1056 2086 aequo
1078 2030 1190 2072 tanti
1220 2030 1322 2072 boni
1348 2037 1554 2072 autorem.
1612 2028 1774 2071 Probat

177 2107 288 2150 hanc
319 2121 438 2148 suam
468 2105 794 2161 propensionem
819 2105 949 2146 animi
977 2112 1021 2147 et
1040 2105 1249 2147 laetitiam
1271 2120 1324 2147 ex
1350 2103 1463 2146 felici
1491 2118 1634 2145 eorum
1657 2109 1774 2145 statu

179 2189 224 2224 et
253 2181 350 2234 fide,
383 2179 539 2232 studio,
571 2194 655 2234 quo
685 2178 930 2221 incenditur
952 2179 1250 2234 provehendae
1272 2185 1316 2221 et
1341 2177 1652 2221 confirmandae
1682 2176 1775 2220 illo-

178 2270 274 2298 rum
302 2254 416 2308 fidei,
447 2253 605 2309 quippe
636 2253 846 2295 desiderio
876 2253 969 2295 illos
1000 2253 1213 2296 invisendi
1241 2253 1350 2295 hanc
1382 2252 1561 2294 eandem
1591 2251 1645 2294 ob
1676 2267 1774 2294 cau-

179 2345 296 2380 sam3
330 2329 446 2384 quod
476 2327 735 2370 desiderium
765 2327 959 2382 arguitur
988 2342 1162 2383 precum
1197 2326 1460 2379 assiduitate,
1489 2333 1533 2368 et
1568 2326 1775 2381 perpetua

179 2403 470 2446 Romanorum
504 2402 708 2444 memoria
743 2401 834 2444 sive
869 2401 1085 2443 mentione
1116 2415 1274 2453 eorum,
1306 2415 1432 2455 quam
1467 2399 1620 2455 probat
1650 2398 1774 2442 testi-

179 2477 322 2520 monio
347 2476 506 2530 divino,
528 2476 672 2518 Deum
703 2475 843 2531 ipsum
873 2475 1084 2517 advocans
1114 2474 1159 2515 in
1189 2480 1358 2527 testem,
1389 2473 1519 2528 idque
1540 2473 1631 2516 sine
1658 2472 1773 2516 omni

179 2552 290 2604 fuco,
313 2566 367 2593 ex
401 2550 531 2592 animi
564 2549 822 2602 sinceritate,
853 2564 938 2604 qua
971 2548 1068 2590 Deo
1108 2547 1240 2590 servit
1270 2547 1315 2589 in
1344 2547 1574 2604 Evangelii
1610 2546 1773 2590 Christi

178 2623 494 2681 praedicatione
518 2622 611 2678 (ubi
636 2630 740 2664 nota
768 2621 1054 2678 Evangelium
1083 2628 1132 2663 ut
1162 2620 1247 2662 Dei
1278 2621 1411 2676 patris
1442 2636 1581 2677 supra,
1606 2620 1669 2663 ita
1695 2620 1773 2676 filii

179 2698 313 2755 ipsius
351 2696 639 2753 Evangelium
676 2695 747 2738 hic
777 2695 875 2748 dici,
907 2695 1006 2750 quia
1046 2695 1099 2737 de
1139 2694 1226 2737 filio
1266 2710 1394 2751 supra
1432 2711 1474 2738 v.
1515 2694 1591 2749 3.‚)
1632 2710 1674 2750 q.
1715 2694 1771 2747 d.,

178 2771 376 2828 precibus
405 2769 586 2814 assiduis
606 2784 631 2811 a
651 2769 748 2811 Deo
769 2769 982 2811 contendo
1002 2775 1052 2810 ut
1072 2783 1140 2810 me
1160 2768 1216 2810 ad
1235 2784 1311 2811 vos
1341 2769 1526 2812 deducat
1556 2760 1771 2825 (ἓυοδωθῆ-

179 2856 310 2902 wopam
327 2852 471 2888 autem
486 2845 542 2888 ad
558 2843 748 2898 verbum,
764 2843 874 2886 bene
889 2843 1015 2885 datus
1031 2842 1149 2886 fuero
1169 2843 1215 2885 in
1231 2843 1344 2888 viam
1359 2859 1414 2887 ex
1428 2843 1514 2887 Dei
1529 2842 1770 2898 voluntate)
