1887 3188
805 220 1027 251 ELENCHI.
1079 228 1081 230 ·
1631 210 1711 251 397

118 341 234 384 alias.
293 341 367 383 Ad
388 335 561 382 alteram
585 339 876 395 quaestionem
894 340 1156 382 commodius
1178 347 1326 396 postea
1342 355 1434 396 cap.
1451 356 1522 383 xv.
1544 357 1716 397 respon-

120 417 304 459 debitur.
1540 403 1544 406 ’

184 480 460 545 Ἐυχαριςῖαν
475 488 640 544 probat,
659 495 703 530 et
719 488 1048 545 gratulationem
1067 504 1185 530 suam
1201 488 1254 531 ob
1269 488 1398 531 fidem
1412 489 1716 543 Romanorum,

120 564 366 606 testimonio
388 563 546 612 divino,
577 570 620 605 et
642 571 909 606 sacrosancta
924 563 1202 618 jurisjurandi
1230 563 1447 620 religione,
1470 579 1554 619 qua
1574 564 1718 606 Deum

118 638 165 680 in
197 645 354 681 testem
387 639 582 691 advocat,
615 638 871 680 sinceritatis
908 654 1008 680 suae
1039 638 1268 692 conscium,
1302 645 1345 680 et
1377 638 1639 694 integritatis
1674 638 1719 679 in

120 713 360 769 Evangelio
381 713 457 754 filii
480 713 545 754 sui
566 713 916 767 administrando,
943 729 987 755 se
1009 713 1300 755 Romanorum
1322 713 1581 755 mentionem
1602 713 1722 755 inde-

122 788 312 831 sinenter
331 788 482 841 facere,
512 788 712 829 nimirum
741 788 785 828 in
817 788 993 843 agendis
1014 788 1110 830 Deo
1131 788 1280 844 gratiis
1301 803 1377 843 pro
1398 788 1562 830 collatis
1584 788 1628 829 in
1650 803 1721 830 eos

121 863 353 916 beneficiis,
375 870 424 904 ut
447 879 574 919 supra
596 863 784 919 exposui,
808 863 923 918 quod
942 863 1095 918 probat
1113 863 1241 904 etiam
1262 878 1436 918 precum
1458 862 1722 916 assiduitate,

121 954 208 995 qua
228 938 378 991 utitur,
400 945 450 980 ut
467 939 638 980 tandem
660 938 829 993 expleat
846 937 1104 979 desiderium
1124 937 1336 980 invisendi
1353 938 1568 980 Romanos
1586 953 1722 991 suum,

123 1014 178 1056 ad
209 1013 428 1056 doctrinae
459 1012 900 1066 communicationem,
936 1019 985 1054 ut
1023 1028 1149 1068 supra
1180 1012 1343 1055 dictum
1380 1020 1444 1054 est
1461 1029 1471 1061 3
1506 1013 1560 1053 ad
1596 1027 1724 1067 quam

123 1088 371 1144 priusquam
392 1088 604 1141 accedam,
636 1087 774 1130 obiter
794 1087 992 1143 ponenda
1012 1087 1218 1142 quaestio,
1248 1103 1323 1129 cur
1344 1103 1439 1129 cum
1463 1094 1505 1129 et
1526 1088 1659 1143 patris
1682 1094 1726 1129 et

124 1163 201 1205 filii
221 1162 464 1204 meminerit
484 1163 529 1203 in
550 1162 758 1218 petitione
785 1161 1100 1216 beneficiorum,
1134 1169 1177 1204 et
1204 1162 1438 1218 gratiarum
1460 1162 1627 1204 actione
1648 1177 1725 1218 pro

124 1238 311 1294 acceptis
332 1237 562 1291 beneficiis,
595 1244 724 1292 atque
747 1237 853 1279 adeo
884 1236 928 1277 in
953 1237 1245 1291 jurejurando,
1278 1253 1366 1290 cur,
1397 1237 1585 1292 inquam,
1611 1237 1729 1279 nulla

124 1313 286 1356 mentio
302 1313 416 1355 facta
432 1312 484 1354 ab
502 1328 551 1354 eo
574 1319 638 1354 est
657 1311 842 1367 Spiritus
861 1310 1044 1354 Sancti?
1064 1311 1138 1352 An
1159 1312 1260 1366 quia
1280 1328 1390 1354 unus
1410 1312 1610 1367 idemque
1634 1311 1730 1368 Spi-

124 1387 232 1430 ritus
248 1388 485 1442 utriusque,
508 1388 742 1443 procedens
764 1386 817 1427 ab
838 1393 1035 1441 utroque,
1053 1386 1224 1441 utrique
1246 1387 1499 1428 coniunctus
1516 1386 1729 1441 intelliga-

125 1461 222 1503 tur?
243 1460 363 1502 cuius
378 1447 531 1501 >afflatu
552 1460 712 1502 Paulus
733 1452 810 1500 καὶ
827 1452 998 1514 εὔχεται
1017 1452 1096 1500 καὶ
1114 1454 1330 1518 εὐχαριςεῖ,
1349 1452 1428 1500 καὶ
1443 1453 1632 1518 λατξὲυει
1651 1452 1729 1500 καὶ

126 1526 417 1592 προσὲυχεται,
443 1525 486 1577 et
501 1550 578 1590 per
594 1550 720 1590 quem
742 1542 865 1591 pater
880 1536 925 1577 in
941 1536 1028 1578 filio
1046 1543 1089 1578 et
1107 1544 1318 1590 exoratur,
1337 1543 1380 1578 et
1402 1536 1568 1578 confert
1589 1536 1731 1578 omnia

125 1610 368 1652 beneficia?
398 1609 468 1652 hic
490 1616 568 1651 est.
628 1610 777 1665 Atque
798 1610 904 1652 haec
926 1611 979 1652 de
1001 1611 1247 1666 precatione
1264 1627 1275 1661 3
1308 1611 1503 1652 doctrina
1523 1610 1728 1665 sequitur.

127 1685 201 1727 Ad
221 1684 486 1727 functionem
514 1685 702 1726 muneris
723 1684 964 1740 Apostolici
985 1685 1029 1726 in
1051 1686 1246 1728 doctrina
1276 1685 1613 1728 administranda
1636 1701 1732 1742 per-

127 1759 240 1802 tinet
270 1758 429 1815 duplex
450 1758 572 1812 ratio,
605 1759 738 1801 altera
767 1759 881 1802 inter
900 1767 1146 1815 praesentes
1168 1760 1268 1803 viva
1288 1775 1406 1814 voce,
1438 1761 1572 1803 altera
1601 1761 1732 1817 scrip-

127 1834 246 1877 tione
262 1834 375 1875 inter
390 1833 588 1875 absentes
604 1850 614 1874 :
645 1833 806 1876 Prioris
823 1835 1159 1890 oportunitatem
1171 1842 1221 1877 ut
1235 1835 1495 1877 desideravit
1508 1835 1728 1890 hactenus,

130 1909 190 1952 sic
211 1909 342 1952 etiam
368 1924 482 1950 nunc
510 1908 752 1958 desiderat3
785 1909 888 1964 quin
919 1910 1048 1951 etiam
1077 1917 1203 1966 capto
1231 1910 1406 1952 consilio
1433 1910 1655 1966 proposuit
1686 1925 1731 1952 se

128 1983 175 2025 in
187 1983 300 2026 viam
317 1983 431 2036 dare,
454 1990 504 2025 ut
520 1983 735 2025 Romanos
753 1984 902 2026 eadem
919 1984 972 2026 de
989 1998 1116 2027 causa
1130 1984 1334 2027 inviseret
1351 2001 1362 2035 ς
1392 1999 1470 2040 per
1488 1985 1608 2027 illum
1630 2001 1732 2042 ergo

127 2073 213 2100 non
234 2058 370 2111 stetit,
402 2057 629 2113 quominus
659 2073 836 2101 munere
867 2074 943 2101 suo
975 2059 1103 2101 etiam
1135 2059 1215 2101 hac
1245 2059 1290 2100 in
1320 2066 1442 2115 parte
1467 2060 1730 2116 fungeretur.

129 2132 275 2188 Hujus
295 2141 385 2174 tam
407 2132 552 2186 studii,
575 2147 701 2188 quam
722 2133 929 2189 propositi
945 2133 1011 2176 sui
1027 2134 1244 2177 Romanos
1262 2134 1438 2177 videndi
1457 2134 1586 2177 finem
1602 2135 1733 2191 pluri-

129 2207 210 2250 bus
224 2207 437 2263 explanat,
451 2222 565 2249 nunc
583 2206 683 2249 doni
700 2207 931 2263 spiritualis
944 2209 1298 2263 communicandi,
1313 2225 1426 2251 nunc
1440 2209 1732 2264 confirmandi,

130 2297 246 2325 nunc
265 2282 525 2336 consolandi,
548 2289 623 2324 aut
643 2282 907 2336 cohortandi,
929 2283 1114 2339 denique
1134 2284 1298 2326 fructus
1322 2283 1521 2338 habendi,
1544 2291 1618 2326 aut
1640 2299 1734 2340 per-

132 2356 320 2412 cipiendi
339 2356 480 2399 verbis
498 2373 508 2398 ε
540 2371 650 2412 quae
671 2356 813 2399 omnia
833 2357 888 2399 ad
909 2357 1128 2400 doctrinae
1149 2358 1382 2401 tradendae
1412 2374 1538 2401 usum
1559 2365 1602 2402 et
1622 2359 1735 2402 frac-

130 2437 226 2473 tum
245 2430 474 2487 pertinent,
497 2447 741 2487 quanquam
761 2431 930 2474 diversa
948 2432 1126 2486 ratione,
1148 2439 1198 2475 ut
1220 2439 1286 2476 est
1305 2432 1407 2476 alias
1429 2433 1684 2490 expositum.
1728 2448 1733 2455 ·’

196 2579 251 2623 V.
274 2581 342 2623 13.
369 2579 433 2637 (V
433 2587 454 2623 t
473 2579 660 2624 fructum
679 2581 864 2638 aliquem
884 2581 1099 2638 habeam.)
1730 2619 1732 2622 .

136 2677 146 2709 .·
192 2654 394 2697 Modeste
423 2655 599 2711 aliquem
630 2656 754 2711 dixit,
784 2663 835 2699 ut
865 2672 994 2713 supra
1024 2651 1446 2715 συμπαρακληθῆναι,
1480 2665 1524 2701 et
1554 2658 1734 2715 signate,

137 2729 306 2772 habeam
317 2727 399 2770 viz.
415 2728 655 2784 quaesitum
671 2731 826 2786 studio,
842 2738 886 2774 et
900 2731 1045 2775 labore
1061 2748 1156 2776 meo
1170 2740 1342 2790 partum
1359 2749 1408 2777 ac
1424 2719 1736 2790 quodammodo

136 2802 243 2844 mihi
262 2801 454 2858 apostolo
469 2802 661 2846 debitum
681 2804 795 2848 inter
814 2821 904 2860 vos,
925 2821 1011 2849 non
1033 2823 1154 2850 secus
1170 2815 1300 2864 atque
1319 2808 1434 2851 inter
1453 2807 1555 2850 alias
1570 2814 1736 2864 gentes,

133 2877 294 2934 quibus
324 2875 505 2919 multum
536 2877 696 2933 profuit
725 2893 820 2922 mea
849 2881 1122 2936 praedicatio.
1187 2883 1507 2939 Argumentum
1527 2897 1552 2924 a
1571 2882 1737 2939 parium
