1887 3188
702 211 803 241 CAP.
827 212 857 240 1.
883 201 1025 242 18-19.
1577 193 1659 234 417

71 332 172 388 quia
191 332 299 377 coeli
318 331 578 375 mentionem
599 329 714 384 fecit,
744 329 859 372 unde
880 329 1016 372 omnis
1041 329 1129 371 fere
1155 327 1228 370 illa
1247 326 1436 383 cognitio
1456 322 1662 368 naturalis

68 407 252 461 ducitur,
283 406 477 450 veritatis
506 404 677 448 nomine
707 404 944 446 naturalem
966 404 1019 445 de
1040 403 1137 446 Deo
1157 402 1448 458 cognitionem
1477 396 1662 454 intelligi

66 497 145 537 par
176 488 265 531 est3
306 480 488 535 ideoque
520 478 746 521 articulum
778 477 1071 534 praeposuisse
1103 476 1275 519 videtur
1308 475 1389 517 hoc
1425 489 1576 516 sensu:
1618 470 1663 513 A

67 556 197 609 coelo,
220 555 333 597 unde
355 561 420 597 est
441 553 634 596 veritatis
656 553 709 595 de
730 553 826 595 Deo
848 568 901 594 ex
922 551 1119 608 operibus
1140 550 1307 603 notitia,
1338 548 1552 591 revelatur
1572 545 1662 588 sive

68 629 219 686 patefit
240 629 302 672 ira
321 629 407 671 Dei
431 628 473 669 in
496 627 715 670 hominum
747 627 1014 682 injustitiam,
1037 640 1214 680 eamque
1234 624 1280 666 in
1300 624 1444 665 Deum
1474 619 1663 676 impiam,

68 704 114 747 in
134 705 247 760 ipsos
267 702 553 760 philosophos,
575 709 625 744 ut
646 702 719 757 qui
734 702 877 744 Deum
900 717 954 743 ex
973 701 1053 743 hac
1069 700 1251 743 veritate
1267 696 1452 740 naturali
1469 701 1511 738 et
1526 693 1664 751 philo-

69 779 243 835 sophica
258 778 479 834 cognitum
495 793 580 819 non
597 776 849 833 glorificant,
867 783 948 818 etc.
967 776 1041 818 sed
1057 789 1282 830 suppressa
1298 772 1493 824 veritate,
1511 785 1565 812 ex
1580 783 1666 824 qua

20 882 22 885 -
69 853 215 896 Deum
241 859 412 906 norunt,
434 851 643 894 malitiose
665 851 709 892 in
729 851 873 892 Deum
902 849 1073 906 ingrati,
1095 864 1144 892 ao
1165 848 1342 904 proinde
1364 845 1493 901 impie
1513 842 1664 898 injusti

72 935 185 971 sunt.
248 927 428 970 Coelum
459 942 558 983 ergo
591 932 635 968 et
670 925 827 967 veritas
863 925 916 967 de
951 924 1048 966 Deo
1080 939 1133 966 ex
1163 922 1281 965 coelo
1311 920 1497 977 cognita,
1533 918 1665 973 inque

72 1002 243 1045 homino
266 1009 310 1044 et
330 1001 492 1044 homini
522 1000 805 1053 manifestata,
826 999 881 1041 ad
906 1014 1075 1042 omnem
1105 997 1372 1054 ignorantiae
1393 1000 1667 1051 praetextum

72 1078 310 1120 tollendum
326 1076 473 1118 ordine
490 1082 809 1130 consequuntur
822 1075 936 1130 apud
949 1074 1221 1129 Apostolum.
1265 1072 1462 1114 Eandem
1475 1074 1601 1112 vocat
1616 1055 1668 1106 τὸ

75 1142 252 1206 γνωστὸν
271 1148 348 1191 τοῦ
364 1146 464 1199 θεοῦ,
489 1158 529 1193 et
554 1140 715 1206 φανεξὸν
737 1149 841 1192 dicit
863 1165 952 1191 esse
976 1142 1010 1188 ἐν
1033 1141 1189 1196 ἀυτοῖς,
1212 1147 1327 1202 quod
1344 1147 1397 1188 de
1413 1145 1507 1187 luce
1523 1143 1670 1186 Evan-

75 1228 213 1285 gelica
233 1226 318 1268 dici
337 1241 422 1268 non
445 1232 599 1282 potest.
660 1224 804 1278 Hujus
824 1224 1029 1266 naturalis
1049 1223 1155 1266 lucis
1176 1223 1320 1264 Deum
1341 1227 1533 1263 autorem
1549 1233 1671 1274 prae-

79 1300 208 1352 dicat,
255 1306 299 1341 et
342 1299 480 1340 utitur
519 1299 649 1341 verbo
693 1290 909 1354 ἐφανέςωσε
946 1298 1006 1339 sic
1041 1313 1066 1338 a
1101 1295 1340 1352 conjugatis
1359 1311 1368 1336 :
1409 1294 1531 1335 Deus
1566 1290 1671 1347 ipsis

79 1366 296 1430 ἐφανὲξωσε
326 1374 436 1416 hane
456 1373 653 1416 notitiam
675 1374 753 1426 sui,
776 1389 877 1429 ergo
907 1362 958 1410 τὸ
982 1362 1159 1425 γνωστὸν
1183 1367 1259 1409 τοῦ
1283 1365 1372 1408 θεοῦ
1395 1358 1484 1407 ἐστὶ
1507 1355 1671 1421 φανεξόν

76 1444 114 1493 ἐν
137 1443 293 1494 ἀντ-οῖς.
355 1447 516 1500 Quaeri
546 1447 667 1501 solet,
699 1447 912 1503 quomodo
943 1462 987 1489 se
1017 1446 1138 1488 Deus
1168 1442 1460 1486 manifestavit
1489 1439 1673 1483 homini-

75 1525 169 1578 bus,
194 1521 596 1579 impressionibusne
617 1521 756 1564 insitis
786 1521 1050 1574 naturaliter,
1072 1527 1116 1562 et
1137 1518 1381 1575 anticipatis
1411 1515 1673 1568 notionibus,

77 1613 183 1654 quas
201 1588 342 1642 κοινὰς
358 1590 504 1642 ἑννοίας
535 1603 578 1639 et
609 1588 853 1653 προλήψεις,
873 1595 1024 1639 Cicero
1051 1594 1349 1651 praenotiones
1380 1598 1424 1634 et
1453 1590 1674 1635 inchoatas

75 1661 382 1728 intelligentias
402 1677 541 1724 vocat,
563 1686 618 1712 an
648 1670 1007 1726 contemplatione
1035 1685 1174 1712 rerum
1207 1674 1445 1711 creatarum
1476 1674 1521 1708 et
1550 1670 1676 1706 natu-

78 1746 230 1790 ralium
247 1745 543 1788 observatione
563 1745 609 1786 in
629 1745 778 1800 mundi
794 1744 975 1800 opificio.
1035 1743 1329 1800 Responditur
1344 1748 1526 1796 utroque
1546 1738 1674 1781 modo

79 1835 324 1878 quanquam
354 1819 468 1876 prior
494 1820 645 1862 modus
680 1819 859 1862 notitiae
890 1819 1143 1861 naturaliter
1171 1817 1325 1860 insitae
1354 1816 1424 1859 hic
1455 1813 1676 1858 obscurius

80 1895 307 1948 iudicetur,
324 1894 477 1937 clarius
493 1894 571 1936 ult.
588 1910 629 1936 v.
645 1884 695 1934 ro*
719 1885 933 1949 δικαίωμα
951 1890 1029 1933 τοῦ
1047 1889 1136 1934 θεοῦ
1153 1883 1395 1946 ἐπιγνόντες.
1444 1891 1507 1933 Et
1521 1890 1565 1932 ii.
1582 1903 1676 1944 cap.

85 1971 154 2024 14,
178 1971 232 2012 15
259 1984 315 2022 v.,
336 1968 510 2012 videtur
529 1983 681 2011 vocare
701 1984 806 2025 opus
836 1969 944 2025 legis
972 1968 1226 2024 inscriptum
1255 1967 1301 2008 in
1322 1965 1533 2018 cordibus,
1554 1964 1677 2018 cujus

82 2043 128 2088 vi
147 2043 326 2086 facimus
347 2058 456 2098 quae
477 2050 577 2085 sunt
597 2042 717 2099 legis,
739 2049 822 2086 etc.
879 2043 1045 2086 Verum
1070 2042 1161 2085 sine
1183 2057 1233 2084 eo
1253 2041 1395 2084 nullus
1424 2039 1549 2082 alteri
1578 2053 1680 2095 cog-

83 2117 258 2165 nitionis
278 2118 405 2160 modo
429 2117 560 2170 locus,
582 2133 709 2173 quem
739 2133 780 2160 v.
811 2119 880 2171 20,
912 2117 1110 2173 explicat.
1169 2115 1388 2172 Principia
1412 2114 1526 2158 enim
1555 2113 1680 2156 nobis

85 2193 294 2250 quaedam
310 2192 514 2250 ingenita,
533 2198 576 2234 et
596 2191 792 2235 notiones
813 2192 1009 2235 omnibus
1029 2206 1164 2248 aeque
1181 2191 1368 2245 eaedem,
1390 2204 1500 2246 quae
1515 2188 1570 2231 ab
1591 2203 1683 2231 om-

85 2267 212 2316 nibus
232 2282 366 2323 aeque
387 2266 493 2309 item
521 2266 768 2323 probantur,
799 2282 908 2322 quae
929 2272 1030 2309 sunt
1050 2264 1460 2321 contemplationum
1489 2262 1682 2309 omnium

86 2341 210 2398 quasi
228 2340 449 2398 principia,
470 2356 651 2396 quorum
672 2340 716 2383 vi
736 2356 897 2394 sensus,
917 2347 968 2383 ut
987 2340 1222 2396 loquuntur
1235 2338 1488 2396 philosophi,
1505 2353 1603 2383 cum
1617 2337 1684 2379 in-

88 2415 267 2463 tellectu
285 2415 572 2472 conjungitur,
594 2421 639 2457 et
658 2422 864 2471 tanquam
884 2430 1018 2457 unum
1038 2414 1247 2465 efficitur3
1277 2414 1324 2456 in
1353 2429 1439 2470 qua
1467 2414 1683 2461 sententia

89 2504 236 2536 omnes
251 2489 339 2532 fere
353 2489 606 2546 philosophi,
621 2496 793 2546 praeter
815 2489 1096 2532 Aristotelem
1115 2503 1262 2543 unum,
1283 2488 1330 2530 in
1349 2503 1434 2545 quo
1450 2503 1579 2545 quam
1594 2489 1689 2532 exi·-

89 2579 202 2621 guus
219 2562 349 2606 fuerit
369 2562 606 2607 divinitatis
627 2579 788 2618 sensus,
809 2563 967 2620 passim
988 2563 1078 2619 ejus
1098 2563 1242 2620 prodit
1261 2563 1484 2620 impietas:
1514 2563 1685 2622 cogitur

92 2645 239 2696 tamen
254 2636 448 2690 subinde,
463 2637 568 2681 velit
583 2638 704 2692 nolit,
712 2638 975 2694 „immortalis
990 2638 1077 2684 Dei
1092 2637 1180 2685 vim
1200 2644 1245 2682 et
1263 2644 1462 2685 naturam
1476 2638 1686 2682 confiteri.

96 2710 472 2766 Quemadmodum
484 2717 528 2754 et
542 2711 746 2767 Galenus,
759 2713 918 2769 alioqui
929 2712 1098 2770 impius,
1113 2728 1167 2756 ex
1178 2712 1338 2756 fabrica
1348 2712 1525 2756 humani
1539 2728 1688 2769 corpo-

93 2786 152 2831 ris
173 2785 228 2828 de
250 2800 332 2828 usu
351 2784 538 2842 partium
558 2785 764 2846 divinitus
784 2787 1074 2831 concionatur.
1123 2786 1359 2845 Apostolus
1375 2802 1477 2832 vero
1497 2787 1687 2833 omnium

94 2859 328 2905 clarissime
347 2858 576 2906 invisibilia
594 2859 681 2907 Dei
701 2860 940 2916 (aeternam
959 2861 1199 2918 potentiam
1219 2868 1264 2907 et
1284 2861 1576 2918 divinitatem)
1595 2861 1690 2918 J'am

867 2956 982 2996 21>-
