1887 3188
642 279 743 308 CAP.
765 279 868 307 v111.
895 269 1037 308 12-17.
1585 269 1666 310 471

77 396 210 453 igitur
230 404 541 454 argumentum,
561 397 656 452 (sed
673 397 844 438 videtur
858 397 1001 452 potius
1017 398 1154 440 redire
1171 399 1225 439 ad
1242 399 1502 454 probandam
1520 400 1668 441 salutis

78 472 391 524 certitudinem,
423 478 471 513 ut
492 471 536 512 in
567 486 655 527 arg.
684 470 768 526 Ep.
791 486 917 526 supra
946 471 1162 527 habetur,)
1186 479 1250 514 est
1282 488 1306 514 a
1335 473 1522 528 praemio
1553 473 1667 516 vitae

78 552 288 598 aeternae,
311 546 430 600 cujus
452 561 525 601 spe
542 546 597 587 ad
613 545 885 587 sanctitatem
906 545 1145 598 incitamur,
1169 553 1297 601 atque
1318 546 1379 588 ita
1400 554 1671 603 argumenta-

76 626 175 662 tur:
207 619 370 662 Omnes
391 620 466 661 filii
487 620 572 662 Dei
593 620 726 662 vitam
758 627 975 662 aeternam
1007 627 1333 675 consequentur,
1357 621 1430 675 qui
1451 621 1670 663 sanctitati

76 695 264 747 student,
287 695 355 737 vel
376 696 491 750 quod
511 695 624 737 idem
647 702 723 748 est,
747 695 820 750 qui
842 694 1007 750 Spiritu
1022 694 1108 736 Dei
1128 701 1327 750 aguntur,
1346 701 1446 736 sunt
1466 695 1542 736 filii
1558 695 1667 745 Dei3

75 767 194 825 Ergo
216 784 361 811 omnes
383 770 457 824 qui
478 770 696 812 sanctitati
727 770 915 822 student,
949 769 1083 812 vitam
1117 769 1406 825 adipiscentur
1437 776 1667 812 aeternam.

75 841 238 884 Probat
279 843 564 886 sanctificatos
601 860 691 886 esse
724 844 809 886 Dei
840 844 948 885 filios
967 860 976 885 :
1018 843 1262 899 Accepistis
1297 844 1506 900 Spiritum
1539 845 1670 901 adop-

75 917 217 970 tionis,
239 933 315 973 per
336 933 461 973 quem
484 919 713 961 clamamus
734 918 862 960 Abba
882 918 1025 971 Pater,
1049 934 1164 974 ergo,
1192 925 1273 960 etc.
1336 918 1419 962 Cui
1440 919 1670 975 opponitur

78 991 264 1047 Spiritus
286 993 504 1035 servitutis
525 1008 668 1035 rursus
690 993 744 1034 ad
765 1001 940 1046 metum,
963 993 1036 1048 qui
1057 993 1205 1049 legalis
1227 999 1305 1046 est,
1327 1000 1376 1035 ut
1397 993 1505 1036 alter
1524 994 1671 1036 Evan-

76 1066 251 1123 gelicus.
310 1067 372 1109 Et
393 1067 437 1108 in
458 1068 672 1123 superiore
703 1067 1005 1123 disputatione,
1032 1067 1198 1122 quoties
1225 1068 1332 1123 legis
1360 1068 1473 1110 facta
1492 1069 1667 1123 mentio,

77 1141 269 1197 intellige
289 1141 527 1198 Evangelio
559 1142 727 1198 opponi,
761 1157 809 1184 ac
833 1142 1086 1184 nominatim
1116 1158 1203 1184 ver.
1227 1145 1252 1185 3
1278 1143 1404 1197 hujus
1427 1158 1518 1199 cap.
1578 1143 1670 1186 Ubi

76 1215 330 1271 impotentia
344 1216 450 1272 legis
468 1215 653 1258 efficacia
668 1216 895 1273 Evangelii
912 1223 977 1258 est
992 1216 1284 1273 intelligenda.
1337 1217 1522 1273 Spiritus
1539 1219 1670 1275 adop-

77 1290 205 1332 tionis
223 1290 379 1333 dicitur
396 1290 580 1346 Spiritus
596 1291 666 1333 ille
682 1290 780 1344 Dei,
798 1291 871 1346 qui
886 1291 1008 1333 nobis
1025 1291 1150 1333 datus
1168 1298 1233 1333 est
1249 1307 1274 1333 a
1289 1291 1420 1334 Patre
1436 1292 1480 1333 in
1496 1292 1669 1335 Christo

77 1365 132 1406 ad
152 1365 237 1407 Dei
258 1366 483 1408 adversum
503 1381 580 1408 nos
601 1381 788 1408 amorem
808 1381 906 1407 cum
938 1372 1117 1421 paterno
1149 1366 1307 1408 affectu
1338 1367 1669 1422 testificandum,

75 1446 349 1495 nostramque
371 1440 643 1495 adoptionem
665 1439 972 1496 obsignandam
992 1439 1036 1480 in
1059 1440 1256 1482 cordibus
1277 1441 1446 1494 nostris,
1467 1449 1518 1484 ut
1538 1442 1670 1485 intre-

74 1514 175 1570 pide
197 1521 240 1556 et
261 1530 357 1556 cum
378 1514 534 1556 fiducia
549 1514 692 1556 Deum
708 1513 883 1556 Patrem
907 1514 1167 1556 invocemus.
1216 1506 1433 1554 εΥιοθεσίικ
1453 1515 1668 1559 Graecum

74 1603 230 1631 nomen
243 1589 403 1631 Latino
417 1588 657 1644 adoptionis
672 1595 737 1632 est
749 1589 876 1645 longe
893 1588 1200 1645 significantius
1216 1590 1400 1632 nomine.
1456 1590 1539 1633 Est
1555 1591 1669 1634 enim

75 1663 197 1719 quasi
211 1663 288 1704 filii
303 1664 457 1719 positio
474 1680 485 1713 ;
516 1679 673 1718 ponere
690 1670 834 1705 autem
852 1662 1017 1706 Graece
1032 1653 1199 1711 τιθέναι,
1219 1670 1262 1705 et
1278 1663 1494 1706 interdum
1509 1664 1671 1708 Latine

77 1743 142 1779 est
163 1736 326 1787 facere3
359 1737 458 1778 hinc
481 1727 566 1783 θεὸς
585 1752 671 1779 non
691 1753 717 1779 a
737 1729 959 1791 currendo,
981 1744 1030 1779 ut
1051 1737 1235 1779 delirant
1266 1737 1520 1794 philosophi,
1543 1739 1618 1781 sed
1644 1754 1670 1781 a

74 1810 269 1853 faciendo
290 1817 334 1853 et
355 1812 577 1854 condendo
606 1812 791 1862 mundo;
815 1818 859 1854 et
878 1826 1036 1868 ponere
1056 1811 1272 1854 hominem
1293 1812 1363 1854 vel
1386 1812 1530 1855 Deum
1551 1814 1667 1870 apud

75 1884 229 1928 Horat.
252 1892 317 1928 est
336 1886 488 1928 facere.
547 1886 665 1928 Huic
685 1885 788 1928 testi
809 1885 1049 1942 adoptionis
1069 1892 1239 1928 nostrae
1267 1886 1465 1943 adjungit
1485 1886 1668 1930 alterum

73 1966 242 2014 testem,
264 1959 345 2014 i.e.,
364 1960 542 2016 Spiritui
560 1959 719 2003 Sancto
737 1959 945 2016 Spiritum
965 1967 1171 2014 nostrum,
1188 1960 1283 2015 viz.,
1300 1961 1484 2003 animam
1502 1961 1668 2018 Spiritu

74 2034 221 2077 divino
242 2035 561 2088 sanctificatam,
582 2042 632 2077 ut
653 2035 818 2078 duobus
839 2035 1021 2078 testibus
1052 2035 1294 2078 stabiliatur
1312 2043 1459 2078 nostra
1479 2037 1666 2093 adoptio,

74 2114 119 2151 et
134 2108 408 2151 confirmetur
418 2109 540 2151 nobis
553 2124 630 2151 nos
644 2125 734 2152 esse
750 2109 836 2152 Dei
848 2108 981 2151 Filios
995 2125 1006 2160 ;
1029 2109 1108 2152 deo
1125 2107 1418 2167 συμμαξτυξεῖ
1427 2110 1549 2165 dixit,
1567 2126 1608 2166 q.
1623 2095 1669 2153 d.

75 2182 261 2239 Spiritus
281 2190 439 2236 noster,
455 2183 536 2237 i.e.,
559 2183 700 2225 anima
714 2183 798 2226 fide
819 2183 1012 2240 praedita
1033 2190 1077 2226 et
1097 2185 1363 2227 sanctificata
1384 2191 1569 2227 testatur
1587 2199 1666 2228 nos

73 2257 161 2300 Dei
179 2256 313 2300 Filios
344 2272 448 2310 esse,
471 2264 515 2299 et
535 2272 632 2300 cum
662 2257 828 2313 Spiritu
854 2263 1000 2300 nostro
1030 2257 1216 2314 Spiritus
1243 2258 1330 2301 Dei
1355 2266 1527 2301 sanctus
1551 2259 1667 2302 idem

74 2337 353 2374 contestatur.
396 2333 421 2356 “
436 2331 566 2384 Quod
579 2331 615 2374 si
627 2331 740 2385 Filii,
755 2331 958 2374 haeredes
968 2333 1001 2373 :''
1019 2333 1234 2374 sententia
1248 2333 1484 2389 proposita:
1503 2332 1667 2377 Omnes

73 2404 176 2447 Filii
194 2406 281 2448 Dei
310 2413 411 2449 sunt
440 2406 643 2448 haeredes
673 2406 771 2459 Dei,
804 2413 848 2448 et
877 2406 1132 2449 cohaeredes
1155 2406 1330 2460 Christi,
1352 2422 1401 2450 ac
1425 2407 1541 2450 vitae
1569 2422 1671 2464 pro-t

72 2479 174 2522 inde
195 2485 240 2522 et
268 2480 426 2536 gloriae
457 2487 655 2523 aeternae
685 2480 901 2534 haeredes,
927 2487 977 2522 ut
1007 2480 1242 2537 subjungit.
1301 2480 1495 2524 Additur
1520 2468 1680 2526 autem*

73 2552 262 2597 conditio
292 2554 441 2609 crucis,
472 2555 527 2597 ad
556 2570 684 2611 quam
714 2555 931 2597 ferendam
962 2561 1028 2597 est
1056 2554 1265 2611 patientia
1294 2571 1413 2612 opus,
1444 2562 1575 2612 atque
1603 2556 1668 2601 ita

73 2627 225 2684 incipit
253 2629 520 2684 praemunire
541 2630 702 2673 animos
723 2636 872 2672 contra
891 2629 1169 2672 acerbitatem
1189 2629 1340 2672 crucis.
1400 2629 1472 2674 Sic
1499 2645 1541 2674 v.
1571 2646 1665 2688 cap.

73 2702 165 2760 spei
188 2701 304 2745 vitae
333 2709 531 2746 aeternae
551 2704 733 2760 subjecit
764 2703 1056 2761 gloriationem
1090 2703 1135 2745 in
1171 2704 1372 2758 adversis,
1401 2719 1510 2760 quae
1536 2720 1667 2762 gene-

71 2782 169 2818 rant
188 2774 453 2832 patientiam.
502 2777 608 2820 Ideo
627 2778 697 2822 hic
717 2779 870 2835 inquit,
893 2770 1001 2835 ’έιπεξ
1020 2771 1334 2835 συμπάσχομεν
1355 2794 1433 2835 per
1446 2779 1666 2822 indicandi

72 2850 261 2904 modum,
281 2865 369 2893 non
383 2857 472 2893 tam
487 2850 776 2896 conditionem
787 2853 941 2896 incerti
954 2861 1133 2896 eventus
1146 2853 1351 2906 indicans,
1366 2867 1493 2908 quam
1505 2864 1666 2896 novum

72 2931 384 2981 argumentum,
416 2931 459 2968 et
492 2925 613 2982 quasi
644 2941 819 2970 causam
846 2927 1026 2972 afferens
1057 2934 1229 2972 nostrae
1260 2927 1306 2971 in
1337 2927 1429 2971 vita
1458 2926 1670 2984 glorifica-
