1887 3188
187 261 268 299 458
791 270 1174 311 COMMENTARIUS,

191 391 394 443 cussistis,
417 406 464 432 ac
486 391 658 432 tandem
679 406 848 446 prorsus
879 390 1173 443 liberabimini,
1197 396 1239 431 et
1270 389 1313 430 in
1334 389 1502 444 plenam
1532 389 1773 432 libertatem

191 465 544 507 vendicabimini:
576 465 619 506 A
640 481 713 521 spe
744 465 876 521 igitur
895 466 1021 519 hujus
1048 464 1251 506 victoriae
1273 471 1316 506 et
1346 463 1551 519 triumphi
1580 464 1776 505 hortatur

192 541 246 581 ad
271 540 424 582 acriter
443 540 746 596 praeliandum,
770 546 812 581 et
843 539 1126 581 resistendum
1155 545 1355 594 peccato:
1387 539 1595 580 rationem
1616 536 1774 590 subdit,

192 631 278 656 non
299 615 400 657 estis
422 615 500 656 sub
521 615 627 670 lege,
651 615 725 656 sed
747 614 824 655 sub
846 614 996 669 gratia.
1047 612 1144 653 Lex
1166 612 1416 668 Evangelio,
1438 612 1577 668 gratia
1595 612 1682 653 irae
1703 626 1776 666 op-

190 689 376 745 ponitur.
435 689 556 730 Idem
589 703 689 743 ergo
710 688 787 729 sub
808 688 902 742 lege
925 696 967 728 et
998 686 1060 727 ira
1081 701 1183 738 esse,
1207 686 1284 727 sub
1305 686 1543 742 Evangelio
1565 693 1608 728 et
1638 685 1777 742 gratia

193 779 297 806 esse.
357 763 459 805 Non
491 762 591 804 estis
614 777 714 817 ergo
737 761 814 802 sub
835 761 929 816 lege
952 767 994 802 et
1025 760 1087 801 ira
1108 766 1282 815 propter
1302 766 1537 815 peccatum,
1559 767 1608 801 ut
1639 767 1778 812 antea,

192 854 287 880 cum
309 853 447 892 neque
466 836 703 891 justificati,
721 851 859 890 neque
877 834 1129 876 sanctificati
1151 834 1312 886 essetis,
1335 849 1431 875 cum
1452 833 1617 889 peccati
1636 840 1778 875 reatus

191 918 382 953 maneret
404 918 446 952 et
467 910 632 966 peccati
653 910 716 951 vis
737 908 959 951 incolumis
976 908 1154 964 vigeret,
1173 914 1216 950 et
1233 909 1286 949 ad
1303 908 1564 963 peccandum
1580 907 1781 949 valentis-

192 987 296 1028 sima
313 992 448 1034 esset3
472 985 546 1026 sed
563 984 640 1026 sub
662 983 898 1039 Evangelio
921 989 964 1024 et
980 982 1118 1038 gratia
1137 982 1183 1023 in
1202 981 1386 1035 Christo,
1405 982 1524 1036 cujus
1541 997 1627 1024 non
1643 982 1778 1024 00111111

191 1061 342 1102 merito
357 1059 594 1114 justificati,
617 1059 691 1100 sed
706 1058 834 1100 etiam
848 1057 1032 1099 efficacia
1048 1056 1286 1112 regenerati
1301 1056 1414 1109 estis,
1429 1063 1477 1097 ut
1491 1057 1545 1097 ad
1558 1062 1780 1112 peccatum

191 1134 535 1190 expugnandum,
558 1139 601 1175 et
616 1132 810 1187 justitiae
832 1132 1020 1187 graviter
1040 1131 1309 1172 militandum
1330 1131 1472 1172 idonei
1494 1131 1585 1172 sitis
1605 1137 1780 1186 propter

193 1209 355 1252 Christi
376 1223 493 1264 spem
509 1207 629 1249 vobis
650 1206 973 1259 inhabitantem,
996 1222 1036 1247 v.
1056 1207 1122 1246 14.
1184 1205 1388 1260 Sequitur
1408 1205 1506 1247 hinc
1528 1211 1620 1247 orta
1641 1205 1781 1260 objec-

191 1284 266 1326 tio.
328 1283 418 1326 Sub
448 1282 586 1339 gratia
617 1297 788 1330 sumus3
819 1281 938 1336 Ergo
967 1280 1133 1334 abjecto
1162 1280 1276 1321 omni
1296 1286 1415 1321 metu
1444 1294 1604 1335 poenae
1636 1294 1781 1321 secure

192 1358 318 1415 genio
348 1357 657 1413 indulgeamus.
717 1355 956 1397 Aversatur
985 1354 1094 1396 hanc
1130 1354 1447 1409 blasphemiam,
1480 1361 1523 1396 et
1553 1354 1781 1410 respondet

191 1448 277 1474 non
290 1431 491 1486 consequi
508 1446 561 1472 ex
576 1430 869 1482 antecedente,
888 1429 987 1484 quia
1003 1428 1114 1470 servi
1135 1435 1213 1481 est,
1235 1444 1381 1483 parere
1403 1428 1573 1470 domino
1594 1428 1663 1471 cui
1684 1428 1783 1470 sub-

193 1514 282 1557 est3
314 1522 390 1548 nos
422 1505 532 1547 servi
555 1504 763 1559 justitiae,
800 1519 885 1545 non
915 1503 1080 1558 peccati
1111 1518 1254 1544 sumus
1272 1519 1282 1552 3
1314 1503 1432 1559 Ergo
1457 1503 1664 1557 justitiae,
1695 1518 1781 1545 non

193 1587 369 1637 peccato
386 1579 655 1622 serviendum
672 1584 736 1620 est
752 1577 887 1619 nobis.
932 1577 1061 1632 Prop.
1080 1583 1144 1618 est
1160 1593 1201 1619 v.
1221 1578 1287 1630 16,
1304 1577 1403 1619 Ass.
1423 1579 1489 1630 17,
1509 1579 1575 1630 18,
1600 1577 1783 1620 Conclu-

194 1655 255 1697 sio
276 1654 438 1696 inclusa
457 1653 522 1695 his
544 1652 684 1695 verbis
708 1643 786 1696 Μὴ
809 1643 978 1703 γένοιτο,
1002 1651 1127 1692 absit.
1177 1651 1231 1691 In
1251 1651 1468 1706 proposito
1489 1657 1695 1706 perpetua
1715 1657 1781 1693 est

193 1728 428 1781 translatio,
446 1734 494 1769 ut
510 1727 598 1781 jam
617 1726 718 1779 dixi,
736 1742 761 1767 a
777 1725 921 1778 servis,
944 1740 1028 1780 quo
1046 1731 1210 1780 spectat
1237 1725 1343 1766 illud
1358 1717 1613 1780 παφα-ἄνετε,
1633 1724 1782 1767 sistitis

195 1804 250 1844 ad
280 1801 576 1844 obediendum.
636 1800 792 1842 Mortis
829 1806 872 1841 et
902 1799 1017 1841 vitae
1052 1799 1258 1853 meminit,
1290 1806 1491 1854 tanquam
1527 1799 1705 1855 praemii
1740 1806 1784 1842 et

194 1891 367 1933 poenae,
388 1882 439 1917 ut
469 1875 595 1929 hujus
616 1880 768 1928 metus,
790 1873 901 1915 illius
933 1889 1028 1928 spes
1049 1873 1344 1915 vehementius
1364 1873 1599 1915 inflammet
1620 1873 1781 1916 animos

194 1950 336 1993 studio
358 1949 674 1992 sanctimoniae.
733 1948 833 1989 Ass.
857 1950 909 1990 17
932 1963 979 1996 v.
994 1947 1227 2004 gratiarum
1258 1947 1424 1990 actione
1453 1947 1676 2001 illustrata,
1698 1963 1783 2003 qua

193 2025 337 2067 Deum
352 2031 543 2066 autorem
563 2029 711 2079 partae
731 2021 940 2064 libertatis
962 2022 1161 2075 celebrat,
1178 2022 1253 2064 ubi
1274 2022 1479 2064 sinceram
1495 2021 1782 2064 obedientiam

191 2098 431 2155 Evangelio
451 2097 572 2154 ponit
601 2113 678 2153 pro
700 2097 851 2139 effecto
873 2103 917 2138 et
948 2096 1069 2152 signo
1089 2097 1216 2151 hujus
1246 2096 1457 2139 libertatis
1471 2112 1483 2147 3
1516 2096 1781 2140 Obedivistis

193 2189 248 2216 ex
263 2173 403 2215 animo
420 2179 463 2214 et
483 2171 642 2214 formae
659 2170 890 2224 doctrinae,
911 2170 938 2211 1.
957 2185 993 2212 0.
1009 2170 1248 2227 Evangelio
1264 2171 1308 2212 in
1326 2186 1454 2226 quam
1473 2171 1622 2213 traditi
1641 2170 1781 2213 fuistis

194 2247 316 2303 quasi
335 2245 629 2302 configurandi
650 2251 693 2287 et
714 2244 1017 2287 conformandi.
1076 2244 1332 2300 Metaphora
1352 2260 1377 2286 a
1397 2244 1662 2287 metallorum
1683 2259 1783 2287 con-

193 2321 426 2374 flatoribus,
448 2320 522 2376 qui
542 2319 657 2375 typis
687 2319 860 2362 metalla
879 2319 1123 2372 infundunt,
1143 2325 1194 2361 ut
1221 2319 1320 2361 inde
1343 2318 1660 2374 configurentur
1679 2334 1782 2362 vasa

193 2410 270 2451 pro
287 2410 362 2436 sua
377 2395 582 2450 cujusque
598 2393 746 2436 forma.
791 2383 1160 2449 Ἐμφατικώτεξον
1181 2399 1258 2447 est,
1275 2392 1422 2435 traditi
1443 2392 1544 2435 estis
1563 2392 1609 2434 in
1628 2398 1783 2449 typum
1800 2416 1810 2426 ι

195 2468 425 2522 doctrinae,
443 2484 570 2524 quam
592 2467 627 2510 si
648 2467 873 2521 diceretur,
890 2467 1074 2510 traditus
1091 2473 1155 2509 est
1176 2466 1296 2509 vobis
1316 2473 1446 2522 typus
1463 2466 1681 2510 doctrinae
1701 2482 1780 2510 1100
1822 2478 1829 2485 ’

195 2543 331 2586 00111111
352 2543 456 2586 dicit
476 2542 655 2585 traditos
675 2542 720 2583 in
740 2548 906 2598 typum,
923 2542 999 2584 sed
1019 2541 1148 2583 etiam
1169 2540 1419 2594 obedivisse,
1440 2540 1469 2582 i.
1486 2556 1523 2583 e.
1544 2540 1720 2584 cessisse
1735 2547 1781 2584 et

191 2617 334 2660 locum
365 2616 530 2658 dedisse
560 2623 666 2672 typo
687 2615 957 2672 imprimendi
986 2615 1163 2657 formam
1194 2629 1325 2668 suam,
1348 2621 1477 2670 atque
1507 2614 1569 2657 ita
1598 2614 1679 2658 sibi
1704 2630 1778 2658 eos·

196 2690 500 2734 conformandi.
559 2689 707 2744 Atque
743 2689 848 2732 haec
878 2688 1117 2745 Evangelio
1148 2687 1333 2731 efficacia
1362 2689 1417 2730 ad
1445 2689 1574 2731 fidem
1603 2688 1710 2745 ingo·
1737 2714 1813 2761 f
1842 2683 1852 2689 ”

184 2765 383 2819 vrandam,
400 2764 525 2807 Rom.
546 2778 638 2819 cap.
659 2763 689 2804 i.
709 2779 750 2804 v.
774 2764 841 2815 17,
864 2769 907 2804 et
926 2762 1028 2804 fidei
1048 2761 1346 2816 obedientiam,
1364 2762 1488 2805 Rom.
1510 2777 1602 2818 cap.
1623 2755 1736 2805 J
1736 2764 1775 2817 5,

194 2837 310 2894 quod
329 2837 391 2880 ait
410 2853 451 2881 v.
474 2839 540 2881 19.
570 2841 580 2856 ‘
600 2826 870 2892 Ἀνθξωπινόν
893 2827 1017 2888 λέγω,
1041 2850 1187 2878 sensus
1218 2843 1296 2890 est,
1318 2851 1363 2878 se
1383 2824 1627 2883 humanitus
1647 2835 1777 2892 loqui,

195 2912 429 2955 secundum
448 2927 610 2954 morem
635 2911 748 2954 inter
768 2910 958 2953 homines
979 2910 1198 2964 usitatum,
1220 2911 1360 2966 quoad
1379 2910 1581 2967 loquendi
1600 2909 1778 2953 formam
