1887 3188
427 675 762 722 ΙΓΝΑΤΙΟΥ
786 675 821 721 ἐν
844 676 898 739 τῇ
917 672 1013 739 vrgo}
1035 672 1250 734 Ἐφεσίους
1275 681 1314 739 [ξ
1340 682 1430 740 14].

203 774 346 841 Ἀξχῆ
371 776 475 840 ζωῆς
498 777 653 832 πίστις,
679 776 795 829 τέλος
818 776 984 837 ἀγάπη·
1047 774 1106 823 τοὶ
1128 776 1166 824 δὲ
1191 776 1260 824 δύο
1287 778 1321 824 ἓν
1347 776 1498 832 ἑνότητι
1517 776 1712 840 γενόμενα,

141 845 230 899 θεοῦ
274 852 473 916 ἄνθρωπον
518 852 726 898 ἀποτελεῖ·
772 850 830 898 τοὶ
866 850 905 899 δὲ
952 851 1071 898 ἄλλα
1119 853 1261 899 πάντα
1296 854 1349 905 εἰς
1392 852 1717 915 καλοκαγαθίαν

140 926 355 975 ἁκὸλουθά
389 928 491 975 ἐστι.

450 1080 652 1138 Scaliger.
668 1080 877 1134 Poeffices,
898 1080 971 1123 lib.
995 1083 1032 1134 6,
1054 1096 1144 1137 cap.
1165 1082 1205 1135 4,
1227 1081 1283 1125 fo.
1307 1084 1402 1125 790.

197 1173 365 1217 Seleota
385 1189 475 1216 esse
508 1179 686 1230 oportet,
709 1188 816 1229 quae
845 1188 1053 1229 proponas
1083 1180 1204 1216 tanto
1235 1174 1415 1228 theatro,
1437 1181 1621 1230 quantus
1651 1181 1718 1218 est

137 1249 321 1292 ambitus
341 1249 561 1293 universae
581 1249 750 1305 linguae
771 1248 965 1303 Latinae,
988 1256 1148 1292 tractus
1169 1250 1320 1292 aetatis
1350 1249 1462 1293 orbis
1482 1250 1716 1294 universae.

195 1324 384 1367 Divitiae
404 1340 489 1368 non
509 1324 553 1366 in
573 1324 706 1380 copia,
727 1323 862 1366 sedin
883 1323 1027 1367 electis
1049 1324 1197 1380 opibus
1218 1325 1468 1368 consistunt.

598 1467 684 1510 Ad.
705 1467 763 1510 D.
784 1467 1002 1510 Andream
1022 1468 1273 1512 Melvinum.

366 1543 569 1587 Defessus
590 1542 724 1586 veluti
743 1543 889 1599 patula
908 1543 1134 1600 requiescit
1154 1544 1198 1586 in
1217 1544 1362 1600 herba,

482 1618 658 1661 Assidet
678 1617 863 1660 inventis
882 1624 932 1661 ut
953 1618 1192 1662 sitibundus
1213 1619 1346 1676 aquis,

368 1693 585 1736 Thesauro
606 1693 739 1736 veluti
760 1693 910 1736 effosso
931 1693 1008 1736 sub
1029 1710 1198 1738 vomere
1218 1695 1352 1738 fossor

482 1768 666 1825 Abjeeto
686 1769 741 1811 ad
759 1768 917 1812 loculos
938 1775 1087 1826 sponte
1106 1769 1248 1827 ligone
1268 1771 1414 1814 sedet:

371 1843 442 1888 Sic
462 1844 615 1900 cupida
637 1850 681 1887 et
701 1843 865 1887 defessa
885 1843 959 1886 diu
979 1844 1278 1902 sitibundaque
1297 1846 1420 1890 nobis

484 1919 674 1963 Melvine
695 1926 944 1976 exprompto
965 1927 1134 1963 nectare
1155 1922 1282 1964 corda
1301 1922 1451 1979 reples.

369 1994 430 2038 Et
449 2010 614 2038 rec-reas
634 1994 820 2037 animum
840 1996 944 2049 vino,
967 2002 1010 2038 et
1030 1995 1229 2039 coelestia
1247 1997 1360 2040 dona

487 2069 617 2114 Aerei
636 2070 765 2113 mellis
786 2070 1056 2127 suppeditare
1072 2071 1193 2115 soles.

853 2267 986 2312 FINIS
1000 2285 1011 2312 t

187 2357 327 2413 Quem
339 2358 541 2417 imposuit
552 2359 740 2403 DAmEL
751 2357 1045 2417 Dmmmns,
1059 2369 1155 2406 octo
1168 2362 1332 2407 dierum
1343 2362 1493 2422 spatio,
1507 2364 1721 2423 exemplar

146 2432 284 2477 Andr.
297 2434 478 2480 Melvini
493 2441 676 2491 secutus,
692 2434 952 2494 Andreapoli
967 2436 1012 2479 in
1031 2436 1189 2494 δοθείη,
1209 2438 1339 2483 Anno
1361 2440 1485 2496 1601,
1506 2442 1575 2485 26.
1595 2440 1629 2485 J
1630 2440 1719 2494 ulii,
