1887 3188
687 185 789 215 CAP.
812 187 875 215 xr.
900 176 978 224 1263
1012 187 1095 216 ΧΗ.
1120 177 1157 216 2.
1643 179 1725 219 489

575 383 1018 427 DUODEOIMUM
1049 384 1270 427 CAPUT.

184 532 409 576 Hactenus
431 534 484 576 de
514 534 710 576 doctrina
737 535 933 590 justitiae
955 542 998 577 et
1029 534 1190 589 salutis,
1222 535 1361 591 deque
1391 537 1620 579 earundem
1651 539 1724 581 ob-

118 607 260 661 jectis,
283 614 328 650 et
347 607 486 650 causis
506 608 715 662 omnibus,
737 624 846 664 quae
866 609 949 654 fuit
968 609 1084 664 prior
1112 624 1209 665 pars
1231 609 1334 664 ejus,
1356 625 1484 665 quam
1509 602 1576 650 τὸν
1596 604 1721 665 λόγον

128 689 172 723 et
202 681 324 736 quasi
354 697 506 738 corpus
535 683 738 739 epistolae
769 683 1089 740 appellavimus.
1169 683 1375 739 Sequitur
1407 685 1598 740 ejusdem
1625 700 1722 742 pars

127 755 273 809 altera,
303 772 411 812 quae
443 758 497 799 ad
524 757 790 814 disciplinam
820 759 1047 814 praecipue
1075 765 1254 814 spectat,
1278 765 1322 801 et
1342 759 1386 800 in
1416 760 1725 803 adhortationi-

128 829 207 872 bus
228 831 282 872 ad
308 831 648 885 sanctimonium,
681 840 725 875 et
754 833 889 876 vitam
921 833 1210 876 Christianam
1239 834 1553 889 pertinentibus
1583 836 1724 891 posita

123 910 216 946 est:
250 904 407 948 Graeci
428 900 659 962 παξάινεσιν
681 914 862 950 vocant:
885 923 1020 962 usque
1051 908 1106 948 ad
1137 922 1228 962 cap.
1259 923 1330 950 xv.
1353 923 1441 950 ver.
1466 909 1533 951 15.
1596 908 1720 962 Quae

125 978 298 1034 quidem
324 987 399 1023 aut
429 981 689 1024 universales
720 989 833 1035 sunt,
864 988 940 1024 aut
969 981 1259 1037 particulares,
1282 988 1325 1024 et
1346 982 1426 1024 hae
1455 998 1623 1025 rursum
1654 984 1723 1027 vel

125 1052 321 1108 Ethicae,
343 1055 413 1098 vel
432 1055 653 1110 Politicae,
676 1056 745 1099 vel
765 1055 1027 1098 Hieraticae.
1088 1055 1158 1098 De
1178 1056 1347 1099 Ethicis
1377 1064 1474 1113 post
1504 1058 1722 1102 universa-

122 1128 206 1171 lem
243 1129 598 1184 adhortationem,
635 1146 727 1186 cap.
763 1131 851 1181 xii3
890 1130 1097 1184 Politicis,
1133 1131 1208 1171 xiii
1225 1147 1236 1180 ς
1274 1131 1520 1186 Hieraticis,
1556 1133 1644 1177 xiv.
1676 1142 1721 1177 et

122 1211 244 1259 parte
259 1220 331 1247 xv.
391 1205 584 1247 Primum
600 1205 734 1262 igitur
749 1213 814 1248 est
829 1205 1079 1248 universalis
1094 1198 1328 1261 παξάινεσις
1343 1207 1397 1248 ad
1415 1222 1582 1249 omnem
1600 1223 1720 1251 sanc-

123 1278 345 1321 timoniam
367 1287 576 1335 spectans,
594 1283 620 1323 3
636 1280 783 1336 primis
800 1296 887 1322 ver.
947 1280 1118 1322 Deinde
1135 1281 1455 1323 accommodata
1470 1282 1718 1326 muneribus

122 1360 168 1395 et
197 1353 486 1396 functionibus
507 1354 834 1407 Ecclesiasticis,
857 1369 943 1396 ver.
968 1357 1006 1397 9.
1068 1354 1204 1409 Cujus
1226 1370 1391 1397 summa
1422 1363 1499 1409 est,
1534 1356 1718 1400 Studete

122 1443 248 1470 verae
269 1428 585 1480 sanctimoniae,
607 1444 716 1484 quae
738 1437 803 1471 est
824 1429 1058 1471 secundum
1080 1444 1225 1471 sanam
1242 1437 1517 1485 sanctamque
1533 1433 1718 1487 pruden-

122 1502 246 1553 tiam3
267 1502 394 1558 hujus
416 1503 720 1546 sanctimoniae
737 1519 901 1545 summa
918 1510 961 1546 et
976 1503 1103 1546 unica
1118 1504 1266 1560 regula
1282 1511 1345 1546 est
1363 1505 1451 1546 sola
1467 1505 1552 1548 Dei
1568 1507 1717 1548 volun-

121 1583 201 1630 tas,
224 1592 311 1619 ver.
334 1580 374 1631 2,
395 1577 657 1634 praescripta
683 1578 813 1620 verbo
834 1578 921 1620 Dei
940 1593 1028 1620 ver.
1053 1579 1090 1619 1.
1150 1578 1309 1620 Modus
1325 1579 1477 1621 utendi
1497 1580 1575 1623 hac
1597 1597 1717 1624 sanc-

117 1651 319 1705 titudine,
347 1651 576 1707 prudentia
606 1651 850 1708 Spiritualis
880 1653 1114 1695 secundum
1144 1653 1363 1695 modulum
1393 1655 1556 1710 gratiae
1579 1662 1622 1698 et
1643 1656 1717 1699 de-

119 1741 313 1768 mensum
333 1725 434 1769 fidei
454 1726 673 1782 cujusque,
694 1742 782 1770 ver.
805 1729 845 1770 3.
907 1727 1158 1782 Subjectum
1178 1742 1354 1783 corpora
1382 1736 1540 1782 nostra,
1563 1745 1650 1772 ver.
1674 1732 1712 1784 1,

119 1800 262 1854 animi,
285 1816 372 1843 ver.
394 1802 434 1855 2,
460 1808 504 1844 et
524 1801 747 1856 utriusque
767 1801 879 1844 vires
910 1808 954 1844 et
983 1808 1125 1844 motus
1156 1817 1315 1844 omnes.
1375 1802 1527 1846 Partes
1558 1804 1715 1847 sancti-

118 1876 286 1919 moniae
307 1876 430 1929 duae,
451 1876 608 1919 veteris
624 1876 806 1919 hominis
826 1876 1109 1930 mortificatio,
1133 1882 1176 1918 et
1196 1876 1427 1919 vivificatio
1447 1878 1549 1920 novi
1564 1895 1576 1928 3
1607 1878 1712 1922 haec

117 1950 501 1993 transformationis
521 1951 705 2005 nomine,
727 1966 814 1994 ver.
836 1953 876 2005 2,
897 1951 970 1993 illa
990 1951 1130 1994 verbis
1151 1951 1330 1994 sistendi
1354 1952 1540 2008 corporis
1561 1953 1605 1994 in
1626 1953 1714 1997 vi'c-

118 2026 269 2068 timam
289 2025 565 2082 significatur,
587 2040 675 2068 ver.
698 2027 737 2079 1,
758 2025 1036 2069 translatione
1053 2033 1223 2082 sumpta
1243 2042 1268 2068 a
1287 2026 1473 2069 victimis
1488 2027 1709 2083 legalibus,

118 2107 170 2144 ut
196 2107 387 2143 veterem
416 2115 474 2143 sc.
505 2099 733 2154 hominem,
764 2115 893 2156 quem
923 2116 1075 2156 corpus
1104 2106 1244 2154 vocat,
1272 2116 1371 2143 cum
1401 2101 1597 2144 omnibus
1625 2103 1711 2146 suis

119 2174 429 2232 cupiditatibus
445 2175 582 2218 cultro
595 2175 716 2218 verbi
728 2174 863 2218 divini
879 2175 1000 2230 quasi
1014 2174 1253 2218 victimario
1263 2175 1524 2232 jugulemus.
1567 2176 1712 2232 Hujus

120 2250 321 2294 victimae
341 2256 430 2292 tres
451 2249 678 2304 adjunctae
707 2249 973 2292 conditiones
1003 2256 1212 2306 reguntur
1240 2255 1290 2292 ut
1311 2249 1367 2292 sit
1388 2257 1536 2293 sancta
1555 2250 1599 2292 in
1621 2267 1666 2294 se
1686 2267 1712 2294 a

123 2323 287 2381 Spiritu
317 2323 638 2374 sanctificante3
669 2323 726 2366 sit
755 2330 932 2380 accepta
960 2323 1056 2366 Deo
1087 2339 1112 2365 a
1135 2323 1442 2378 justificatione
1471 2324 1517 2366 in
1549 2324 1712 2369 Christi

118 2399 339 2456 sanguine,
360 2414 445 2455 qua
465 2398 647 2455 expiatis
666 2397 853 2454 peccatis
873 2397 1029 2441 nostris
1049 2397 1146 2440 Deo
1169 2398 1503 2453 reconciliamur,
1535 2406 1580 2442 et
1598 2400 1712 2456 grati

120 2473 370 2529 acceptique
385 2489 549 2524 sumus;
571 2473 756 2528 denique
772 2472 828 2515 sit
847 2472 986 2529 logica
1004 2465 1228 2529 Margal‘oe,
1215 2488 1243 2514 1.
1247 2488 1297 2526 e.,
1318 2472 1459 2515 cultus
1479 2474 1713 2531 praescrip-

120 2555 192 2591 tus
213 2547 344 2590 verbo
363 2546 462 2600 Dei,
483 2554 528 2590 et
548 2547 791 2604 spiritualis,
808 2547 889 2590 hoc
909 2547 1022 2589 enim
1039 2547 1223 2604 logicum
1238 2546 1441 2601 hocloco,
1461 2554 1513 2590 ut
1535 2549 1557 2590 1
1581 2547 1714 2591 Peter

102 2622 166 2664 ·ii.
156 2652 180 2676 .,
209 2611 380 2674 λογικὸν
403 2612 550 2660 ἄδολον
574 2615 713 2675 γάλα,
737 2611 856 2678 παρὰ
879 2632 948 2661 τον
970 2612 1109 2674 λόγον,
1141 2622 1256 2664 unde
1287 2627 1332 2664 et
1361 2613 1493 2675 λογίαι
1523 2618 1600 2661 τοῦ
1623 2617 1712 2663 θεοῦ

123 2711 217 2752 cap.
233 2695 306 2749 iii„
324 2702 369 2738 et
383 2688 513 2748 λογιοί
529 2688 653 2750 ζοντα
672 2700 695 2740 7
713 2703 796 2739 act
818 2704 862 2740 et
881 2692 1038 2749 λογειον
1053 2696 1167 2752 apud
1184 2694 1344 2737 LXX.
1335 2726 1359 2749 .,
1376 2695 1491 2751 quod
1506 2694 1712 2738 rationale

120 2769 292 2814 videtur
311 2784 398 2812 non
418 2769 526 2812 bene
551 2785 720 2813 versum
741 2770 913 2825 Latine,
935 2771 1011 2814 sed
1031 2770 1248 2813 oraculum
1279 2784 1354 2812 seu
1384 2769 1598 2812 oraculare
1619 2784 1713 2812 ver-

123 2844 300 2888 tendum
329 2843 412 2887 fuit
427 2860 439 2895 3
471 2843 526 2886 ad
550 2845 665 2900 quod
695 2845 924 2900 oraculum,
955 2845 1036 2900 i.e.,
1065 2844 1235 2888 divinae
1263 2843 1495 2889 voluntatis
1516 2843 1560 2886 in
1581 2843 1712 2891 verbo
