1887 3188
582 244 631 271 ΙΝ
653 244 874 273 FERMIUM
898 244 1135 273 EricmnA.
1602 231 1653 272 31

66 453 155 490 Hoc
199 465 301 490 anno
344 452 419 489 duo
466 452 505 487 in
550 451 704 489 Christo
743 458 781 488 et
818 451 1061 488 honorabiles
1099 457 1137 487 et
1174 451 1383 487 fidelissimi
1423 451 1498 487 Dci
1545 451 1658 495 servi,

119 522 312 561 CAROLUS
350 523 538 559 FERMIUS
576 522 921 571 Frazerburgensis
960 528 1099 570 pastor,
1144 521 1222 558 fere
1262 522 1428 558 triennio
1471 523 1520 558 ob
1562 522 1662 558 hanc

119 593 317 631 Ecclesiae
338 593 563 632 Scoticanae
583 593 784 630 tuitionem
813 593 1072 630 incarceratus
1089 608 1098 637 ;
1132 605 1282 629 necnon
1302 592 1520 630 Rogamus
1540 592 1664 628 WAL-

120 676 270 711 1AES1US,
301 664 402 702 Fani
421 664 604 701 Andreae
632 670 773 713 pastor,
803 664 893 701 inde
922 663 1106 700 violentia
1134 663 1328 712 expulsus,
1359 668 1397 700 et
1425 663 1464 699 in
1490 663 1664 699 Tranen-

120 742 214 782 tum,
254 735 468 773 Lothianae
501 736 737 785 oppidulum,
774 736 949 772 detrusus
987 740 1026 772 et
1061 735 1112 771 ad
1148 742 1312 771 mortem
1343 734 1434 771 huic
1471 733 1666 776 inclusus;

119 808 234 844 ambo
266 807 426 855 inquam
458 807 532 844 hoc
564 818 666 843 anno
699 806 926 851 moriuntur,
961 811 1000 842 et
1031 804 1248 842 felicissime
1286 804 1667 852 constantissimeque

121 877 266 916 Christi
303 890 459 915 causam
496 883 619 914 morte
657 877 931 926 signaverunt3
971 876 1019 913 de
1058 876 1281 924 quibus:—

230 983 412 1020 Valesius
431 983 603 1028 moritur,
625 982 679 1019 sic
699 982 877 1019 Fermius
898 982 1086 1019 imbribus
1105 981 1188 1019 istis

287 1053 418 1102 Hujus
438 1067 533 1103 opus
552 1053 699 1090 Boreas
715 1067 724 1090 :
754 1053 856 1090 illius
876 1053 1022 1090 Auster
1040 1053 1169 1090 habet.

234 1125 341 1172 Quos
360 1125 483 1173 pietas
503 1125 608 1162 dedit
627 1136 710 1161 esse
729 1136 852 1173 pares,
875 1135 1096 1171 carcerque,
1119 1123 1302 1171 fidesque,

287 1196 514 1240 Immatura‚
538 1195 668 1241 etiam,
689 1207 792 1232 mors
813 1194 919 1232 dedit
938 1206 1021 1231 esse
1040 1205 1164 1243 pares.

144 1318 211 1356 Ad
230 1319 282 1356 D.
303 1317 510 1357 CAROLUM
528 1317 729 1354 Famam
748 1317 819 1354 sub
839 1317 985 1353 obitum
1007 1316 1058 1353 24
1079 1315 1261 1364 Septemb
1278 1329 1286 1352 :
1316 1315 1589 1364 Prosopopeia.

344 1423 466 1472 Cujus
487 1423 607 1460 habet
625 1435 745 1460 cunas
763 1421 920 1468 Auster,
941 1421 1165 1470 Boreasque
1184 1421 1336 1458 labores

397 1494 604 1533 carcerem
623 1499 662 1532 et
681 1493 831 1531 occidui
849 1493 988 1530 littoris
1007 1498 1120 1530 antra
1138 1492 1303 1541 nigrum,

345 1565 463 1603 Nunc
482 1565 622 1603 vehitis
637 1564 660 1587 *
679 1564 846 1613 liquidas
866 1563 941 1600 Eoi
961 1563 1011 1600 ad
1030 1563 1198 1601 cardinis
1217 1574 1342 1608 auras,

396 1636 450 1674 Et
470 1636 636 1686 Solymae
655 1641 797 1672 aeterno
816 1635 990 1671 Phoebus
1009 1635 1059 1671 ab
1078 1646 1152 1671 axe
1171 1646 1274 1671 nova
1292 1645 1345 1671 es.

344 1708 533 1757 Pompeio
552 1709 575 1743 ὁ
594 1718 736 1755 magno
755 1705 903 1753 major!
935 1710 1012 1742 tres
1031 1717 1171 1753 nempe
1190 1704 1345 1742 cadenti

399 1779 506 1816 Huic
524 1783 683 1827 patuere
702 1777 837 1826 plagae,
859 1782 897 1813 te
916 1787 1070 1824 quoque
1089 1781 1228 1824 quarta
1246 1775 1361 1824 capit.

1135 1846 1186 1883 D.
1206 1846 1562 1885 WEDERBURNIUS.

75 1976 125 2014 In
145 1975 351 2015 cfflomm
369 1973 570 2010 anmm
595 1971 982 2019 Frazerburgensem‚
1003 1969 1122 2006 verbo
1150 1973 1189 2006 et
1211 1981 1327 2018 opere
1352 1970 1671 2019 stigmatibusque

124 2047 327 2096 insignem,
348 2044 620 2082 ARCHIBALDI
639 2041 820 2081 SYMSOM
840 2049 1100 2089 συμπρεσβντεςον,
1117 2059 1168 2076 και
1184 2058 1386 2089 συμμαρτυρος
1400 2045 1574 2078 Ἐπικειδιον·

292 2150 398 2198 Quid
416 2149 487 2187 tibi
506 2148 588 2186 vita
605 2147 679 2185 fuit
696 2147 772 2185 nisi
790 2147 921 2185 mors?
951 2147 1044 2196 quid
1063 2160 1166 2185 mors
1194 2148 1269 2185 nisi
1288 2148 1399 2186 vita?

343 2220 486 2258 Ferme
506 2232 598 2269 ergo
616 2219 728 2265 vivis,
749 2218 892 2256 Ferme
911 2218 1029 2256 etiam
1047 2219 1221 2256 moreris.

291 2291 393 2331 Cum
411 2290 484 2328 tibi
497 2290 582 2339 jam
601 2288 791 2336 Christus,
811 2301 998 2338 magnum
1017 2294 1075 2326 est
1092 2289 1133 2326 in
1152 2288 1287 2327 funere
1305 2289 1442 2328 foenus

340 2361 438 2400 Vita
456 2361 573 2399 etiam
594 2360 750 2399 Christo
768 2360 928 2398 victima
946 2372 1056 2397 sacra
1074 2365 1154 2397 tuo.

292 2433 432 2472 Carole
450 2438 493 2470 tu
511 2432 634 2477 vivas,
655 2437 723 2468 aut
740 2436 782 2468 tu
802 2430 969 2468 moriare
987 2430 1147 2479 perinde
1166 2436 1225 2468 est

341 2503 442 2541 Tam
460 2502 596 2540 vivens
614 2501 787 2548 moreris,
808 2512 927 2549 quam
945 2500 1145 2538 moriendo
1163 2500 1282 2551 viges.

75 2620 344 2670 Anagramma
361 2616 544 2666 ejusdem,
566 2612 787 2659 CAROLus3
817 2613 853 2653 O
873 2624 1045 2652 omnus.

346 2722 448 2762 Cum
467 2722 592 2772 pietas
610 2721 761 2759 sincera
779 2718 872 2758 facit
890 2724 929 2758 te
949 2718 1089 2758 carole
1109 2717 1269 2758 Clarum

397 2792 505 2831 Vero
523 2804 615 2842 ergo
634 2804 658 2830 a
677 2790 794 2830 Claro
812 2802 954 2828 nomen
973 2795 1013 2828 et
1030 2801 1143 2828 omen
1163 2790 1294 2828 habes.

721 2894 739 2913 *
755 2893 836 2935 [Qu.
852 2893 981 2925 veheris
990 2892 1023 2934 ἲ]
