1887 3188
793 242 1014 272 ELENCHI.
1615 230 1699 271 405

96 363 194 406 Hoc
210 362 464 419 principium
482 367 634 404 natura
650 367 799 403 notum
817 376 853 402 c.
876 360 917 401 ii.
935 376 960 401 a
982 376 1021 401 v.
1044 362 1083 401 2.
1106 361 1160 402 ad
1179 363 1244 403 18.
1263 360 1501 415 adhibetur,
1521 368 1564 403 et
1581 361 1696 404 varie

93 438 331 480 illustratur
357 437 412 478 ad
442 451 588 478 omnes
618 435 811 478 homines
844 434 1173 487 convincendos,
1197 441 1347 489 estque
1367 435 1602 490 propositio
1624 436 1697 477 de-

94 510 426 564 monstrationis,
459 512 485 535 “
500 510 534 552 J
536 509 724 552 udicium
744 509 831 552 Dei
852 515 918 552 est
939 509 1174 551 secundum
1195 508 1422 551 veritatem
1444 509 1488 549 in
1510 524 1594 562 eos,
1621 508 1696 564 qui

93 585 197 628 talia
216 586 389 642 agunt,''
411 601 452 627 v.
476 587 515 626 2.
537 600 573 628 c.
594 584 653 638 ii.,
675 584 742 627 i.e.
766 584 930 628 Omnes
960 583 1111 639 injusti
1132 590 1233 625 sunt
1254 582 1602 626 condemnationi
1623 582 1697 625 ob-

93 659 212 702 noxii
225 676 236 710 ;
269 660 433 703 Omnes
463 659 657 702 homines
679 666 801 702 extra
821 658 1109 715 Evangelium
1131 664 1175 701 et
1205 657 1439 712 Christum,
1462 657 1552 701 sive
1571 657 1617 699 in
1638 672 1697 711 se,

93 740 138 777 et
151 733 350 790 operibus
364 733 450 776 suis
465 733 735 788 considerati,
751 740 851 777 sunt
866 733 1014 789 injusti
1033 750 1044 784 ;
1065 733 1185 789 Ergo
1202 748 1348 775 omnes
1363 732 1557 775 homines
1574 737 1698 775 extra

92 809 381 866 Evangelium
402 824 544 852 coram
565 809 661 852 Deo
679 816 779 852 sunt
795 809 1142 853 condemnationi
1159 808 1344 862 obnoxii,
1361 814 1411 851 ut
1427 807 1501 864 qui
1517 807 1603 855 sint
1618 796 1697 845 καὶ

92 875 420 937 ἁναπολόγητοι,
447 875 525 923 καὶ
548 877 925 941 ἀυτοκατάκξιτοι.
987 884 1206 940 Ass[ertio
1224 883 1261 940 Ρ]
1298 883 1488 939 ejusdem
1519 883 1694 925 demon-

93 958 310 1001 strationis
327 959 572 1015 disputatur
587 959 630 1000 in
643 975 801 1016 genere
819 975 843 1001 a
859 976 899 1002 v.
919 961 987 1003 18.
1004 974 1095 1015 cap.
1112 958 1141 1000 i.
1158 959 1212 1000 ad
1228 958 1357 1000 finem
1374 957 1577 1013 ejusdem,
1595 971 1695 999 con-

93 1039 160 1075 tra
173 1049 318 1076 omnes
332 1034 536 1087 homines,
552 1034 606 1076 ad
620 1049 725 1089 quos
739 1034 1053 1077 convincendos
1067 1034 1142 1075 lux
1154 1039 1333 1075 naturae
1346 1032 1391 1073 in
1404 1031 1619 1074 mentibus
1629 1045 1695 1073 re-

94 1108 222 1164 liqua,
246 1116 290 1151 et
310 1109 364 1151 ab
379 1109 430 1152 iis
446 1109 606 1152 violata
620 1109 763 1151 reddit
780 1124 850 1151 eos
873 1100 1235 1160 ἀναπολογῆτους·
1291 1106 1421 1160 Quod
1442 1105 1478 1148 si
1499 1105 1573 1160 qui
1593 1104 1692 1155 sint,

96 1183 170 1238 qui
184 1199 227 1225 se
242 1183 333 1226 aliis
341 1184 534 1226 meliores
542 1191 709 1240 putent,
726 1184 839 1239 quod
853 1184 956 1225 alios
965 1190 1037 1225 aut
1046 1181 1373 1238 reprehendant,
1388 1186 1463 1222 aut
1477 1180 1695 1232 damnent,

97 1258 142 1299 in
163 1257 341 1300 aliorum
363 1258 479 1301 vitiis
500 1258 699 1300 notandis
721 1258 883 1301 cernuli
897 1275 907 1308 ;
923 1258 946 1280 *
978 1258 1058 1300 hoc
1079 1258 1170 1313 ipso
1187 1256 1437 1312 hypocritae
1455 1255 1558 1297 alios
1579 1255 1698 1296 dam-

96 1333 239 1375 nando
261 1348 305 1375 se
326 1333 408 1389 ipsi
428 1333 727 1386 condemnant,
751 1333 908 1388 quippe
930 1333 1163 1374 eorundem
1191 1331 1395 1374 scelerum
1426 1329 1500 1381 rei,
1522 1335 1698 1385 propter

97 1422 206 1462 quae
227 1407 330 1450 alios
363 1414 438 1449 aut
470 1407 800 1463 reprehendunt,
830 1413 905 1449 aut
938 1407 1156 1449 damnant.
1217 1405 1568 1462 Tergiversantes
1590 1403 1697 1446 citat

99 1482 154 1524 ad
174 1481 362 1524 tribunal
382 1481 480 1535 Dei,
507 1481 735 1536 justissimi
759 1481 931 1536 judicis,
959 1481 1033 1536 qui
1052 1481 1154 1523 licet
1175 1481 1229 1523 ad
1250 1487 1421 1536 tempus
1442 1494 1528 1521 non
1548 1483 1698 1535 pareat

96 1556 236 1610 modo,
259 1556 334 1598 sed
356 1556 484 1598 etiam
505 1555 700 1598 utibilem
722 1571 766 1598 se
787 1571 836 1598 ae
856 1555 1096 1598 beneficum
1115 1555 1302 1612 indignis
1318 1554 1534 1610 praebeat,
1551 1559 1698 1595 tamen

98 1637 394 1686 contemptum
414 1630 590 1687 gratiae,
613 1646 697 1686 qua
726 1630 781 1672 ad
801 1630 1138 1686 resipiscentiam
1167 1629 1324 1671 invitat
1344 1628 1571 1684 improbos,
1603 1634 1699 1668 tan-

98 1706 197 1748 dem
218 1720 382 1747 summo
397 1705 495 1760 jure
520 1711 564 1747 et
595 1704 860 1747 severissime
887 1704 1129 1758 ulciscetur,
1153 1711 1196 1746 et
1229 1703 1465 1746 vindicabit
1496 1702 1541 1743 in
1572 1701 1698 1744 obfir-

99 1786 236 1822 matos
267 1779 442 1833 animos,
465 1786 508 1821 et
529 1778 873 1835 impoenitentes.
934 1779 1025 1822 Ubi
1052 1778 1190 1821 tribus
1211 1777 1453 1821 nominibus
1473 1777 1698 1820 lenitatem

101 1854 212 1911 (sive
233 1869 287 1896 ex
306 1853 536 1909 hypothesi
566 1853 855 1909 improborum
886 1853 967 1896 sibi
988 1868 1136 1896 secure
1165 1853 1211 1894 in
1231 1852 1349 1895 vitiis
1379 1851 1698 1908 indulgentium

98 1928 421 1984 lentitudinem)
444 1928 530 1970 Dei
551 1927 763 1984 exprimit,
785 1943 871 1983 qua
890 1928 1128 1971 abutuntur
1147 1927 1411 1984 hypocritae,
1434 1926 1570 1969 divini
1599 1941 1700 1968 con-

100 2003 183 2046 silii
198 2002 478 2060 ignoratione,
500 2002 637 2057 iisque
653 2002 836 2045 totidem
851 2002 1035 2057 nomina,
1058 2002 1332 2044 severitatem
1351 2001 1438 2044 Dei
1458 2000 1701 2057 significan-

97 2077 173 2132 tia,
194 2077 363 2120 inverso
384 2076 532 2119 ordine
553 2075 743 2132 opponit.
793 2076 877 2119 Est
897 2083 1041 2119 autem
1057 2071 1302 2133 χξηστὸτης,
1327 2092 1377 2119 ea
1395 2076 1589 2130 facultas,
1611 2090 1698 2131 qua

101 2167 147 2196 se
166 2152 288 2195 Deus
309 2151 577 2194 commodum
608 2158 651 2193 et
675 2151 744 2206 (ut
773 2149 835 2193 ita
856 2151 1014 2207 dicam)
1036 2151 1233 2194 utibilem
1262 2150 1440 2207 praebet
1469 2149 1617 2192 usibus
1637 2148 1703 2190 in-

100 2225 446 2284 dignissimorum
476 2224 710 2278 hominum,
742 2225 796 2268 de
816 2225 926 2268 male
941 2225 1203 2268 merentibus
1224 2225 1334 2268 bene
1354 2224 1582 2267 merendo:
1615 2221 1701 2266 Cui

100 2300 278 2357 opponit
298 2291 429 2356 ἦμιὲξα
451 2291 700 2355 διακξισίας,
725 2314 809 2355 qua
830 2299 962 2342 malos
982 2299 1092 2341 male
1119 2298 1334 2352 multabit,
1365 2305 1409 2340 et
1437 2297 1588 2354 dignas
1609 2311 1700 2340 sce-

100 2374 260 2418 leribus
278 2389 438 2430 poenas
457 2374 680 2431 rependet.

167 2437 334 2501 Ἀνοχῆ
349 2455 415 2491 est
429 2447 669 2502 tolerantia,
692 2453 736 2490 et
757 2446 879 2503 quasi
899 2446 1184 2501 conniventia,
1207 2461 1292 2502 qua
1311 2446 1367 2489 ad
1386 2452 1557 2503 tempus
1577 2445 1701 2488 dissi-

103 2522 240 2566 mulat
260 2536 306 2564 se
326 2521 484 2576 videre,
505 2528 581 2565 aut
601 2537 749 2566 curare
770 2521 875 2577 quid
902 2527 1046 2578 agant,
1069 2527 1144 2564 aut
1165 2521 1398 2564 admittant
1417 2521 1463 2563 in
1483 2535 1528 2564 se
1547 2519 1703 2578 flagitii

103 2604 392 2642 contumaces.
441 2597 526 2641 Cui
541 2597 716 2654 opponit
733 2588 884 2653 ἧμιὲξαν
900 2587 1239 2650 ἇπθκαλῦψεως,
1259 2596 1430 2652 quando
1444 2601 1699 2647 retecturus,

105 2678 152 2716 et
180 2670 226 2713 in
254 2670 473 2727 publicum
502 2686 644 2715 coram
669 2671 831 2714 mundo
859 2670 1102 2727 prolaturus
1130 2677 1196 2714 est
1220 2661 1280 2710 τοὶ
1303 2662 1475 2727 κρυπτά
1497 2666 1574 2709 τῶν
1596 2678 1701 2723 καε-

159 2811 184 2836 ³¹²
201 2812 274 2855 [Sic
287 2811 323 2844 in
337 2811 422 2852 MS„
447 2811 506 2844 sed
519 2812 577 2844 ubi
592 2817 708 2845 auctor
722 2813 790 2846 tale
804 2813 943 2845 verbum
957 2812 1122 2846 invenerit
1137 2814 1231 2846 nulla
1245 2814 1437 2855 conjectura
1452 2811 1607 2854 augurari
1622 2819 1698 2852 pos-

107 2875 193 2899 sum.
239 2863 276 2896 Si
289 2863 428 2896 verbum
436 2863 634 2906 perspvkaces
647 2863 702 2896 vel
716 2863 832 2896 oculati
843 2873 994 2906 reponas,
1018 2874 1132 2897 veram
1147 2865 1286 2897 fortasse
1300 2864 1444 2897 auctoris
1459 2866 1608 2895 mentem
1622 2871 1700 2894 con-

109 2914 285 2960 sequeris]
