1887 3188
594 606 748 650 vnzo
782 604 1229 658 ORNATISSIMO,

258 742 336 807 D.
382 742 789 806 LUDOVICO
835 740 1204 816 STUARTO,
1252 738 1550 814 EQUITI,

109 916 316 947 ORATom
338 918 690 954 OAUSIDICOQUE
713 917 1243 957 JURISPRUDENTISSIMO,
1261 910 1707 946 DISSERTISSIMOQUE

290 1001 467 1031 GRATIA
487 1002 546 1030 ET
568 1003 663 1030 PAX
683 1001 1079 1031 MULTIPLIOETUR
1098 1001 1129 1029 A
1149 1000 1245 1030 DEo
1267 999 1433 1039 PATRE,
1456 997 1515 1025 ET

517 1085 704 1114 DOMINO
725 1085 905 1115 NOSTRO
927 1072 1040 1115 IESU
1063 1071 1287 1115 CHRISTO.

115 1323 308 1363 CAROLUS
328 1325 566 1373 Emmaus,
588 1339 677 1364 cum
697 1327 952 1376 Fraserburgi
976 1339 1084 1364 sacro
1113 1326 1222 1363 verbi
1242 1324 1454 1362 ministerio
1473 1322 1708 1371 fungeretur,

112 1401 249 1445 rogatu
287 1397 529 1445 quorundam
567 1397 842 1443 ministrorum,
882 1403 921 1435 et
958 1397 1162 1434 ministerii
1203 1395 1519 1440 Candidatorum,
1559 1391 1711 1440 scripsit

113 1466 308 1517 Analysin
327 1467 512 1516 Logicam
540 1468 580 1504 in
601 1468 817 1517 Epistolam
845 1468 962 1505 Pauli
987 1468 1037 1505 ad
1057 1468 1264 1513 Romanos,
1286 1464 1522 1510 eruditionis,
1544 1462 1709 1512 pietatis,

114 1543 154 1574 et
181 1538 308 1575 exacti
331 1539 471 1586 judicii
498 1539 666 1587 plenam.
725 1539 802 1587 Qui
822 1539 978 1587 quidem
1006 1539 1105 1576 liber
1132 1538 1273 1575 multos
1301 1549 1422 1574 annos
1450 1541 1536 1584 post
1563 1533 1712 1571 obitum

113 1608 286 1646 authoris
308 1609 434 1657 jacuit
452 1609 491 1646 in
513 1610 706 1658 aquilone,
728 1610 839 1659 quasi
867 1622 955 1647 cum
983 1609 1146 1647 authore
1174 1608 1356 1657 sepultus
1412 1606 1517 1643 Eum
1545 1617 1616 1653 ego
1645 1603 1713 1640 diu

115 1679 348 1729 investigavi
377 1685 415 1718 et
443 1680 612 1726 tandem,
647 1693 717 1730 per
745 1681 917 1717 divinam
946 1679 1240 1729 providentiam,
1270 1679 1311 1714 in
1343 1689 1482 1714 manus
1512 1687 1618 1712 meas
1646 1674 1713 1711 de-

116 1750 223 1788 venit
242 1750 324 1798 ejus
344 1751 544 1799 exemplar
560 1765 568 1787 :
599 1751 702 1799 quod
722 1763 794 1800 ego
812 1750 954 1788 Praelo
974 1750 1243 1788 excudendum
1263 1747 1397 1786 curavi
1416 1747 1518 1797 typis
1546 1758 1622 1782 non
1653 1744 1712 1780 in—

116 1820 368 1870 elegantibus.
424 1821 586 1858 Librum
605 1821 733 1867 istum,
755 1826 797 1858 ut
816 1826 882 1858 tuo
902 1821 1051 1858 nomini
1078 1820 1297 1865 inscribam,
1319 1824 1362 1856 ut
1380 1818 1452 1855 tibi
1480 1817 1616 1862 dicem,
1647 1815 1712 1852 de-

117 1891 253 1938 dicem,
284 1904 593 1940 consecremque,
626 1892 748 1929 multa
776 1897 866 1928 sunt
894 1903 993 1940 quae
1013 1903 1074 1928 me
1103 1895 1332 1939 argumenta
1352 1893 1534 1925 moveant
1561 1892 1600 1924 et
1626 1898 1713 1935 per-

116 1967 310 2000 moveant.
365 1962 555 2008 Primum,
577 1962 669 2011 quia
688 1967 732 1999 ut
751 1975 821 2011 ego
841 1962 897 1998 illi
916 1961 1066 2011 regenti
1085 1973 1182 2007 meo,
1205 1960 1259 1997 sic
1285 1966 1327 1997 tu
1346 1959 1443 1996 mihi
1470 1958 1620 2007 regenti
1647 1962 1713 1994 tuo

115 2033 158 2070 in
177 2033 250 2070 hac
268 2033 467 2070 academia
486 2033 756 2070 dilectissimus
785 2032 995 2082 discipulus
1023 2031 1140 2069 fuisti.
1197 2030 1380 2079 Ideoque,
1412 2034 1455 2066 ut
1482 2041 1553 2078 ego
1581 2028 1714 2077 patris,

118 2104 173 2141 sic
191 2103 256 2141 ille
275 2104 340 2141 avi
358 2104 429 2141 tibi
448 2104 532 2141 loco
551 2101 679 2143 fuerit.
737 2103 903 2149 Deinde,
925 2102 1030 2151 quod
1048 2107 1102 2148 tu,
1125 2102 1218 2139 dum
1238 2101 1309 2138 sub
1329 2105 1462 2137 nostra
1488 2099 1611 2136 ferula
1630 2098 1716 2147 phi-

118 2174 316 2224 losophiae
335 2180 374 2212 et
392 2174 504 2212 bonis
523 2174 670 2212 artibus
691 2186 849 2223 operam
869 2174 992 2220 dares,
1024 2185 1103 2210 non
1131 2177 1283 2209 tantum
1313 2177 1402 2208 tuae
1431 2170 1554 2216 classi,
1584 2169 1652 2206 sed
1679 2174 1718 2206 et

119 2245 190 2283 toti
208 2244 446 2283 Academiae
467 2245 568 2282 bono
587 2244 778 2294 exemplo,
799 2250 840 2282 et
858 2249 1086 2282 ornamento
1113 2242 1244 2280 fueris.
1300 2241 1362 2279 Tu
1389 2241 1492 2278 enim
1519 2239 1716 2285 modestia,

121 2316 322 2366 gravitate,
353 2315 600 2353 observantia
633 2320 673 2353 et
705 2315 881 2353 doctrina
908 2314 1087 2352 omnibus
1116 2312 1387 2362 condiscipulis
1414 2310 1652 2362 praeluxisti,
1680 2315 1719 2347 et

121 2386 290 2424 micuisti
319 2386 380 2435 (ut
398 2386 453 2423 ait
471 2385 655 2437 Flaccus)
673 2386 780 2424 velut
797 2385 899 2423 inter
918 2384 1058 2424 Stellas
1077 2384 1191 2421 Luna
1224 2383 1404 2420 minores.
1459 2381 1604 2428 Tertio,
1626 2381 1719 2430 quia

122 2457 364 2495 utilissimam
384 2456 454 2494 tibi
468 2455 549 2494 fore
562 2456 712 2494 confido
727 2456 868 2494 seriam
881 2454 997 2504 hujus
1011 2455 1101 2493 libri
1115 2454 1336 2492 lectionem:
1357 2465 1449 2490 nam
1463 2458 1507 2490 ut
1519 2451 1718 2491 Christum

123 2527 339 2565 Dominum
367 2527 515 2565 sincere
546 2539 666 2574 amas,
705 2527 771 2573 ita,
810 2533 855 2564 ut
891 2526 1026 2575 magis,
1053 2525 1254 2574 magisque
1286 2535 1404 2570 ames,
1436 2523 1634 2570 animabit,
1669 2523 1720 2560 ad

127 2597 326 2638 Christum
344 2597 502 2646 propius
523 2597 701 2644 adducet,
731 2597 964 2645 unicamque
992 2595 1146 2634 docebit
1171 2594 1348 2632 semitam
1377 2594 1427 2631 ad
1456 2593 1720 2630 remissionem

126 2674 383 2718 peccatorum,
404 2673 605 2706 aeternam
626 2667 831 2717 justit-iam,
861 2673 901 2705 et
919 2667 1039 2704 vitam
1067 2665 1403 2714 consequendam:
1431 2675 1532 2713 quae
1549 2669 1609 2701 est
1625 2663 1720 2700 fides

127 2739 169 2776 in
194 2739 407 2778 Dominum
430 2737 563 2776 Iesum
583 2727 804 2777 Christum.v
850 2738 1066 2784 Postremo,
1087 2737 1121 2774 si
1147 2736 1246 2774 nihil
1275 2735 1392 2782 aliud,
1413 2747 1506 2772 sane
1536 2739 1722 2782 perpetua

127 2815 196 2848 tua
221 2811 262 2848 in
290 2824 353 2850 me
370 2811 642 2851 benevolentia
669 2816 708 2848 et
734 2809 989 2847 beneficentia
1016 2820 1079 2845 me
1105 2807 1306 2844 induceret
1324 2806 1374 2843 ad
1401 2805 1502 2842 hanc
1520 2804 1576 2841 tui
1595 2804 1718 2840 nomi-

130 2880 191 2917 nis
227 2882 566 2931 nuncupationem.
634 2879 750 2927 Quod
781 2879 974 2927 reliquum
1004 2883 1073 2924 est,
1107 2877 1256 2927 gratiae
1286 2875 1446 2913 Domini
1474 2873 1594 2911 nostri
1629 2872 1721 2910 Iesu
