1887 3188
208 205 290 245 488
812 217 1194 260 COMMENTARIUS,

207 341 348 390 patres
365 344 539 393 propter
556 336 774 381 Christum
791 339 1099 394 benevolentia,
1117 347 1160 383 et
1175 340 1429 383 illustratam
1443 340 1653 383 contraria
1668 356 1795 384 causa

206 410 447 465 rejectionis
467 412 620 467 probat
647 415 855 470 sequenti,
885 430 973 458 ver.
994 417 1064 468 29,
1095 415 1148 457 ab
1168 415 1514 458 immutabilitate
1544 415 1641 469 Dei,
1672 416 1792 470 cujus

205 490 255 526 ut
276 485 508 539 decretum,
529 487 591 529 ita
610 488 863 543 promissum
884 496 949 531 est
969 489 1255 543 irrevocabile,
1272 492 1341 543 28,
1363 491 1432 543 29,
1455 496 1499 532 et
1519 504 1662 532 rursus
1677 490 1793 532 illus-

205 565 293 600 trat
313 559 439 602 simili
459 561 747 606 misericordia
767 579 868 619 erga
889 563 1068 616 Gentes,
1100 569 1145 606 et
1173 572 1424 619 argumento
1444 564 1682 620 imparium,
1704 578 1791 606 ver.

207 635 275 687 30,
302 636 370 676 31.
430 634 578 690 Atque
605 636 715 679 hanc
736 637 1093 692 comparationem
1123 637 1274 692 probat
1295 652 1320 678 a
1338 637 1422 679 fine
1453 638 1587 680 divini
1617 638 1792 691 consilii,

206 723 290 762 quo
320 723 395 763 per
416 710 687 752 severitatem
708 710 788 752 sibi
809 711 947 752 munit
978 711 1102 764 viam,
1135 717 1178 753 et
1208 711 1388 767 gradum
1417 711 1520 753 facit
1550 713 1603 754 ad
1633 711 1794 754 miseri-

205 782 404 824 cordiam.
464 783 569 825 Ideo
591 784 704 826 enim
725 785 844 827 Deus
866 800 1010 827 omnes
1032 785 1239 827 conclusit
1255 785 1332 826 sub
1353 792 1576 840 peccatum
1597 792 1640 828 et
1660 785 1794 828 rebel-

203 853 372 907 lionem,
405 862 453 896 ut
484 856 672 898 omnium
701 857 963 900 misereatur.
1038 859 1129 900 Ubi
1150 859 1326 901 observa
1356 850 1453 904 τοῦς
1483 853 1663 907 πάντας,
1695 875 1793 902 cum

204 927 382 970 articulo
414 929 650 985 significare
681 932 837 974 electos
873 947 1018 975 omnes
1050 940 1093 975 et
1124 934 1365 986 servandos,
1397 941 1485 975 tam
1517 950 1569 976 ex
1598 934 1792 988 Judaeis,

205 1017 332 1056 quam
354 1018 406 1044 ex
429 1003 657 1047 Gentibus.
720 1005 864 1058 Quare
884 1007 1049 1060 inscite,
1070 1007 1230 1063 nequid
1244 1008 1416 1064 gravius
1433 1008 1570 1051 dicam
1591 1008 1660 1051 hic
1675 1009 1792 1052 locus

204 1092 229 1117 a
258 1077 511 1131 quibusdam
543 1080 833 1135 detorquetur,
870 1082 925 1122 ad
954 1082 1203 1124 universalis
1233 1082 1396 1138 gratiae
1425 1082 1690 1138 probandum
1720 1083 1794 1126 de-

203 1150 356 1193 lirium.
418 1151 648 1196 Concludit
669 1161 804 1196 totam
819 1155 928 1197 hanc
944 1155 1244 1198 tractationem
1257 1156 1346 1211 jam
1367 1156 1467 1199 inde
1488 1173 1513 1199 a
1533 1173 1624 1213 cap.
1645 1157 1716 1211 ix„
1738 1157 1792 1200 de

203 1225 410 1268 electione
432 1234 476 1269 et
495 1229 805 1283 reprobatione,
826 1230 1050 1272 vocatione
1071 1237 1115 1273 et
1135 1231 1364 1285 rejectione
1395 1238 1483 1273 tam
1512 1231 1545 1274 J
1547 1232 1792 1285 udaeorum,

203 1313 330 1352 quam
354 1298 574 1355 Gentium,
597 1303 875 1346 admiratione
897 1304 1128 1359 sapientiae
1149 1305 1331 1358 divinae,
1353 1305 1549 1359 justitiae
1570 1312 1614 1348 et
1634 1298 1791 1362 ἀνταξ-

200 1364 330 1420 κείας,
353 1389 407 1416 ne
428 1375 522 1430 quis
550 1391 648 1418 cum
677 1377 773 1419 Deo
805 1377 1046 1432 expostulet
1076 1378 1130 1419 de
1154 1378 1413 1432 judiciorum
1444 1378 1684 1433 severitate,
1715 1385 1791 1422 aut

202 1448 376 1490 consilia
396 1450 450 1490 ad
472 1450 674 1506 exiguum
696 1466 796 1494 suae
817 1451 992 1494 rationis
1013 1453 1232 1494 modulum
1253 1452 1397 1508 exigat
1413 1468 1424 1502 ;
1457 1459 1626 1494 tantum
1656 1452 1790 1506 abest,

200 1527 251 1563 ut
271 1522 341 1564 cui
361 1523 588 1579 quicquam
609 1524 776 1579 debeat,
797 1532 847 1567 ut
869 1525 907 1568 ei
928 1526 1068 1568 omnia
1089 1533 1132 1568 et
1153 1527 1423 1579 creationem,
1456 1534 1499 1568 et
1520 1526 1586 1569 sui
1606 1527 1790 1569 debeant

201 1597 593 1648 conservationem3
624 1600 801 1654 proinde
823 1600 1136 1655 aequissimum,
1167 1607 1216 1642 ut
1238 1601 1292 1643 ad
1323 1601 1412 1655 ejus
1442 1600 1620 1656 gloriam
1649 1601 1791 1643 omnia

199 1670 449 1713 referantur.
498 1663 810 1730 Ἀνεξεξεὺνητα
831 1675 1222 1730 imperscrutabilia,
1246 1682 1289 1717 et
1310 1667 1616 1728 ἀνεξιχνίαστοι,
1637 1674 1791 1731 imper-

200 1745 495 1801 vestigabilia3
526 1748 747 1791 translatio
767 1749 882 1804 prior
902 1749 955 1791 ab
976 1749 1236 1803 aurifodinis,
1258 1757 1333 1791 aut
1349 1750 1515 1791 defosso
1535 1764 1665 1792 auro:
1695 1764 1792 1806 pos-

199 1820 330 1863 terior
349 1837 374 1862 a
394 1823 680 1876 venatoribus,
702 1830 777 1866 aut
797 1823 998 1880 abigaeis,
1019 1824 1075 1865 ad
1095 1839 1274 1879 quorum
1295 1823 1478 1879 vestigia
1496 1823 1790 1879 persequenda

198 1894 456 1937 adhibentur
487 1895 730 1952 odorisequi
759 1912 897 1940 canes.
971 1896 1167 1940 Observa
1195 1896 1530 1953 praepositiones
1566 1890 1613 1937 ἐκ
1643 1904 1688 1940 et
1714 1888 1788 1937 ,διὰ

197 1968 295 2010 Deo
316 1968 459 2023 tribui,
482 1969 556 2025 qui
577 1977 643 2013 est
662 1971 757 2026 plus
779 1987 907 2027 quam
927 1987 1054 2014 causa
1076 1971 1260 2014 efficiens
1281 1978 1370 2013 tam
1390 1986 1629 2027 procreans,
1660 1987 1789 2027 quam

178 2057 453 2093 ,conservans
473 2059 615 2086 rerum
646 2045 862 2087 omnium:
894 2061 1073 2101 quarum
1103 2045 1464 2102 praepositionum
1492 2045 1607 2101 prior
1626 2046 1681 2088 ad
1702 2045 1790 2089 effi-

195 2115 398 2159 cientiam
425 2117 511 2160 Dei
539 2118 585 2159 in
609 2120 883 2174 procreando,
913 2120 1048 2162 altera
1076 2121 1132 2162 ad
1159 2119 1429 2162 efficientiam
1448 2119 1535 2163 Dei
1553 2120 1598 2161 in
1619 2135 1788 2163 conser-

192 2191 362 2241 vand03
395 2192 754 2247 quemadmodum
787 2199 832 2236 et
863 2193 992 2237 tertia
1023 2194 1078 2237 de
1109 2194 1194 2237 fine
1229 2193 1399 2248 dicitur,
1435 2194 1510 2249 qui
1542 2200 1608 2237 est
1640 2209 1783 2237 rerum

197 2264 386 2307 omnium
407 2280 596 2308 summus
618 2274 662 2309 et
681 2266 870 2321 ultimus,
891 2267 1090 2310 nimirum
1105 2267 1240 2324 gloria
1255 2267 1352 2321 Dei,
1374 2282 1501 2323 quam
1517 2267 1553 2309 si
1567 2282 1676 2309 unus
1692 2267 1783 2323 ipse

196 2353 363 2382 omnem
385 2339 431 2381 in
451 2340 632 2382 solidum
653 2349 928 2396 promeretur,
954 2357 1054 2384 sane
1075 2342 1120 2383 in
1140 2342 1387 2384 societatem
1406 2340 1564 2397 gloriae
1583 2340 1786 2384 admittat

195 2413 421 2466 neminem,
457 2421 507 2457 ut
541 2415 657 2471 apud
689 2415 964 2472 Prophetam,
1003 2416 1179 2472 gloriam
1214 2430 1352 2458 meam
1386 2414 1509 2457 alteri
1542 2429 1627 2456 non
1660 2414 1783 2458 dabo.

198 2485 317 2539 Quid
333 2503 434 2544 ergo
451 2489 504 2531 de
519 2489 698 2532 materia
713 2496 758 2532 et
772 2490 919 2544 forma,
935 2490 1158 2546 causisque
1173 2489 1360 2546 physicis
1374 2488 1418 2529 in
1435 2479 1629 2544 ἀκξοοὶσει
1650 2494 1785 2531 statu-

193 2561 378 2603 endum?
398 2569 498 2604 sunt
513 2578 567 2605 ne
588 2563 796 2620 principia
816 2564 1025 2607 essentiae
1041 2571 1116 2607 aut
1131 2579 1282 2607 causae
1297 2570 1452 2617 motus,
1469 2570 1545 2606 aut
1560 2562 1716 2619 quietis
1735 2562 1782 2605 in

191 2635 319 2678 rebus
339 2636 603 2680 naturalibus
620 2637 629 2679 1
662 2637 750 2681 Sed
770 2639 823 2681 de
844 2638 910 2681 his
931 2638 1044 2681 alias.
