2912 4368
859 872 960 902 ΟΛΡ.
986 873 1027 900 X.
1055 862 1129 909 1&
1166 872 1227 901 xr.
1253 863 1289 901 6.

746 1065 1141 1109 UNDECIMUM
1174 1066 1394 1109 CAPUT.

328 1217 476 1260 Tertia
501 1216 683 1272 objectio
715 1217 908 1272 sequitur
938 1217 1060 1259 initio
1091 1232 1183 1272 cap.
1209 1217 1291 1266 xi.;
1326 1215 1393 1259 Sit
1414 1216 1487 1269 ita,
1521 1216 1635 1258 dicat
1656 1216 1865 1269 Judaeus,

270 1299 314 1334 et
335 1307 411 1334 nos
433 1292 659 1345 audivisse,
692 1298 735 1334 et
751 1292 840 1346 jam
862 1292 1027 1347 pridem
1050 1307 1103 1334 ex
1124 1291 1260 1343 Mose,
1294 1297 1338 1333 et
1368 1290 1498 1332 Esaia
1518 1305 1641 1332 nosse
1663 1291 1865 1346 potuisse,

270 1373 399 1422 atque
421 1367 526 1408 adeo
548 1365 797 1422 cognovisse
828 1366 945 1419 haec,
978 1382 1031 1407 an
1058 1366 1178 1408 Deus
1200 1372 1425 1422 propterea
1445 1365 1640 1420 rejecerit
1662 1365 1866 1421 populum

268 1442 426 1484 suum?
458 1441 541 1484 Cui
572 1441 802 1495 objectioni
832 1441 1074 1496 respondet,
1097 1440 1305 1490 Minime3
1337 1446 1387 1482 ut
1419 1440 1491 1495 qui
1512 1440 1660 1482 foedus
1691 1446 1866 1495 pactum

262 1516 353 1571 jam
374 1516 474 1558 olim
495 1531 592 1558 cum
613 1516 769 1571 populo
792 1531 866 1557 suo
888 1522 1135 1558 constanter
1155 1522 1309 1567 servet,
1331 1530 1410 1557 nec
1431 1514 1767 1567 universitatem,
1791 1520 1866 1556 aut

269 1604 420 1645 corpus
437 1589 583 1645 populi
604 1589 669 1631 sui
690 1589 920 1642 abdicasse,
938 1590 1053 1644 quod
1074 1589 1223 1644 probat
1247 1582 1455 1628 ἐνστὋίο-εΡίε
1477 1588 1660 1645 primum
1679 1588 1865 1644 singula-

267 1664 324 1706 ris
347 1664 529 1720 exempli
551 1664 628 1717 sui,
651 1664 725 1719 qui
746 1680 841 1706 cum
865 1664 920 1706 sit
951 1664 1158 1717 Israelita,
1182 1680 1234 1706 ex
1257 1664 1502 1706 Abrahamo
1529 1679 1551 1705 e
1582 1662 1867 1717 Binjaminica

267 1738 383 1780 tribu
404 1738 620 1791 oriundus,
643 1738 781 1794 gratia
797 1738 883 1780 Dei
903 1738 1063 1780 factum
1086 1744 1163 1791 est,
1180 1747 1230 1780 ut
1248 1738 1303 1780 sit
1326 1738 1597 1781 Christianus
1620 1744 1661 1779 et
1677 1732 1869 1793 Aposto-ss'

266 1813 332 1855 lus
350 1829 360 1854 :
384 1813 484 1869 &rgo
505 1828 590 1854 non
607 1828 752 1854 omnes
774 1813 934 1867 rejecti,
957 1813 984 1854 i.
1000 1828 1035 1854 e.
1059 1813 1246 1855 universi
1268 1820 1311 1855 et
1328 1813 1500 1869 singuli3
1521 1812 1687 1855 tollitur
1707 1827 1863 1854 nomen

266 1887 506 1929 universale
537 1888 637 1928 data
657 1887 726 1929 vel
757 1903 842 1928 una
872 1887 1075 1943 singulari
1106 1887 1323 1929 instantia.
1384 1887 1554 1929 Deinde
1587 1887 1862 1929 distinctione

265 1961 423 2018 populi,
447 1962 561 2016 quod
577 1961 683 2003 alius
704 1961 855 2017 gratia,
878 1961 984 2003 alius
1006 1969 1158 2003 natura
1179 1962 1234 2003 sit
1251 1962 1431 2017 populus
1448 1962 1533 2003 Dei
1551 1978 1560 2010 ;
1594 1961 1700 2003 alius
1722 1961 1862 2017 specie

264 2043 403 2089 tenus,
426 2036 531 2078 alius
562 2051 607 2077 re
632 2036 736 2091 ipsa.
796 2035 936 2077 Verus
969 2043 1113 2077 autem
1133 2036 1218 2077 Dei
1249 2036 1443 2091 populus,
1477 2043 1521 2077 et
1543 2036 1654 2077 solus
1681 2035 1755 2090 qui
1779 2035 1860 2077 hoc

264 2126 418 2152 nomen
440 2116 640 2163 meretur,
673 2125 798 2165 quem
821 2125 875 2151 ex
894 2110 1033 2166 gratia
1062 2110 1367 2166 praecognovit
1389 2110 1441 2152 ab
1463 2117 1636 2152 aeterno
1665 2117 1709 2152 et
1731 2110 1862 2166 elegit

263 2184 307 2225 in
330 2183 531 2227 Christo:
565 2200 617 2226 ex
647 2184 727 2226 hoc
755 2184 912 2240 populo
942 2200 996 2226 ne
1027 2201 1159 2226 unum
1191 2185 1363 2240 quidem
1389 2185 1539 2240 rejicit,
1572 2192 1647 2226 aut
1676 2185 1860 2239 rejectus

263 2264 341 2311 est,
364 2274 404 2300 v.
423 2260 463 2299 2.
508 2258 732 2300 Postremo
753 2258 914 2313 profert
936 2259 1111 2300 alteram
1136 2251 1334 2306 ἔνστασιν,
1354 2259 1421 2301 vel
1444 2260 1685 2314 exemplum
1708 2259 1858 2301 diebus

261 2332 398 2385 Eliae,
420 2348 460 2373 v.
478 2334 503 2373 2
520 2339 563 2374 et
582 2334 621 2385 3,
644 2347 741 2374 cum
762 2332 903 2374 nullus
917 2348 1042 2374 verus
1058 2333 1255 2375 Israelita
1276 2333 1328 2375 ab
1350 2333 1637 2375 oculatissimo
1651 2333 1861 2389 propheta

262 2406 450 2462 conspici
471 2406 701 2460 videretur,
734 2413 777 2448 et
807 2407 1017 2462 propheta
1047 2414 1196 2449 contra
1227 2423 1373 2450 omnes
1404 2414 1610 2462 tanquam
1642 2415 1858 2464 apostatas

263 2488 307 2524 et
338 2480 629 2537 sanguinarios
659 2481 962 2536 prophetarum
998 2482 1216 2524 carnifices
1246 2482 1390 2524 Deum
1425 2482 1684 2538 imploraret.
1744 2483 1857 2525 Tum

263 2555 376 2597 enim
398 2555 575 2597 edoctus
603 2555 772 2597 oraculo
797 2555 957 2597 dedicit
979 2556 1113 2598 multa
1133 2555 1422 2598 Israelitarum
1454 2556 1586 2598 millia
1617 2557 1858 2613 septenario

261 2645 438 2671 numero
468 2629 668 2683 indicata,
701 2645 745 2672 se
775 2629 960 2672 cultibus
991 2630 1200 2672 idolorum
1221 2646 1306 2673 non
1327 2631 1539 2686 polluisse,
1571 2647 1612 2673 v.
1640 2633 1682 2673 4.
1745 2631 1858 2674 Con-

261 2704 396 2747 cludit
431 2703 557 2758 hujus
594 2703 777 2759 exempli
813 2703 1089 2746 similitudine
1125 2704 1334 2760 reliquias
1361 2720 1414 2747 ex
1448 2705 1588 2762 gratia
1620 2706 1855 2747 secundum

262 2778 511 2820 electionem
547 2777 683 2819 salvas
717 2793 821 2831 esse,
852 2793 893 2820 v.
927 2779 965 2820 5.
1025 2778 1087 2820 Et
1115 2778 1316 2821 instituta
1336 2779 1500 2836 gratiae
1531 2795 1629 2822 cum
1657 2779 1855 2836 operibus

262 2852 550 2905 contentione,
583 2852 708 2894 docet
738 2852 919 2908 gratiam
945 2860 989 2894 et
1010 2868 1138 2908 opera
1169 2853 1295 2895 simul
1325 2859 1438 2896 stare
1466 2870 1552 2896 non
1583 2869 1720 2910 posse,
1752 2854 1856 2910 quin

262 2942 390 2983 opera
409 2926 590 2983 gratiam
612 2926 805 2968 funditus
827 2934 1036 2980 evertant,
1065 2935 1108 2969 et
1130 2934 1290 2981 contra,
1313 2943 1400 2970 ver.
1425 2931 1463 2972 6.
1522 2927 1594 2971 Ne
1616 2928 1710 2984 quis
1731 2935 1856 2985 putet

261 3001 354 3057 pios
375 3001 408 3043 J
411 3002 641 3044 udaeorum
663 3001 843 3056 majores
874 3001 1086 3057 operibus,
1118 3017 1202 3044 non
1233 3002 1397 3058 gratiae
1433 3002 1612 3044 salutem
1635 3010 1856 3059 acceptam

261 3075 470 3128 retulisse,
501 3076 575 3131 qui
603 3076 721 3118 locus
744 3075 1106 3132 Semipelagianos
1128 3075 1420 3119 Romanenses
1450 3076 1610 3119 refutat
1635 3077 1854 3132 divinitus,

261 3149 362 3192 hinc
382 3149 511 3191 infert
531 3165 607 3205 per
627 3150 948 3207 occupationem
978 3150 1136 3193 frustra
1155 3150 1371 3193 Israelitas
1402 3152 1617 3207 quaesisse
1640 3152 1855 3208 justitiam

262 3223 306 3266 in
327 3223 434 3281 legis
455 3223 652 3280 operibus
669 3241 680 3274 3
710 3225 876 3268 interea
897 3225 1071 3281 exiguas
1091 3224 1291 3280 reliquias
1313 3225 1443 3267 etiam
1462 3241 1576 3268 nunc
1599 3241 1651 3268 ex
1667 3227 1857 3281 gratuita

263 3299 471 3341 electione
492 3298 646 3352 vocari,
678 3306 841 3342 ceteros
872 3315 949 3342 sua
978 3300 1102 3355 culpa
1132 3299 1407 3343 occallescere
1438 3315 1492 3343 ex
1515 3300 1635 3355 justa
1659 3301 1743 3342 Dei
1764 3301 1857 3342 vin-

263 3373 380 3415 dicta
400 3372 720 3416 obtenebrantis
745 3389 889 3416 eorum
909 3381 1088 3428 mentes,
1120 3380 1165 3418 et
1194 3373 1356 3417 animos
1378 3374 1654 3428 obfirmantis,
1686 3374 1855 3417 Davide

305 3481 328 3504 *
347 3481 396 3524 [h.
409 3491 438 3513 e.
454 3480 624 3521 laetantia,
639 3491 705 3523 qua
717 3482 853 3514 affertur
867 3484 979 3524 opinio
992 3484 1158 3525 quaedam
1173 3483 1256 3525 (δοξα
1269 3484 1328 3525 τις)
1345 3484 1387 3516 ad
1403 3484 1669 3525 persuadendum
1682 3488 1769 3525 apta.
1806 3483 1856 3515 Cf.

265 3534 406 3566 Aristot.
423 3533 521 3566 Rhet.
538 3533 581 3573 ii.,
599 3535 650 3573 25,
667 3533 739 3575 26.]
