1887 3188
178 196 264 236 414
783 206 1166 252 COMMENTARms,

174 326 402 383 Evangelii
439 326 667 370 efficaciam
703 328 756 369 ad
791 329 1004 383 justitiam
1037 337 1166 385 atque
1207 329 1400 371 salutem.
1439 323 1446 330 ⁸
1471 329 1505 371 J
1508 328 1615 371 ussit
1654 327 1767 371 enim

176 401 392 443 oraculum
412 401 492 443 hoc
513 408 717 457 tanquam
743 403 959 458 publicum
981 419 1248 459 programma
1275 402 1469 456 describi,
1499 403 1619 458 quasi
1643 417 1769 459 gran-

175 475 363 517 dioribus
404 476 730 529 characteribus,
763 483 813 517 ut
845 492 971 531 quam
1013 477 1210 519 facillime
1254 493 1279 518 a
1321 477 1470 532 quovis
1511 476 1580 519 vel
1612 475 1768 518 cursim

174 556 473 605 praetereunte
494 551 673 606 legatur,
706 557 780 591 aut
801 551 951 592 saltem
981 550 1043 592 ita
1072 551 1196 605 plane
1218 551 1411 604 describi,
1433 557 1482 592 ut
1503 550 1641 606 quivis
1662 550 1768 592 illud

175 624 244 666 vel
265 624 421 666 cursim
442 625 647 680 perlegat,
670 625 738 666 vel
758 624 939 679 legendo
961 632 1193 679 percurrat.
1237 625 1391 667 Monet
1411 625 1617 668 visionem
1637 625 1770 679 rejec-

175 705 264 740 tam
286 714 376 740 esse
406 698 450 739 in
481 698 762 754 longinquum
794 705 975 753 tempus,
1007 699 1081 740 sed
1103 706 1219 740 certo
1246 706 1460 741 asseverat
1481 715 1556 742 suo
1577 706 1767 755 tempore

175 780 437 825 eventuram,
479 773 642 814 interea
681 773 735 813 ad
775 772 989 827 patienter
1029 774 1338 828 expectandum
1380 773 1589 815 hortatur.
1661 773 1769 815 Ideo

174 846 328 901 Apost.
352 847 406 887 ad
427 846 563 888 Hebr.
580 846 710 888 verba
730 862 815 887 non
836 847 1089 898 numeravit,
1113 848 1188 888 sed
1209 862 1379 889 sensum
1400 846 1616 903 appendit,
1638 853 1768 902 atque

176 921 396 976 expressit,
415 937 505 977 cap.
520 937 561 962 x.
579 937 618 963 v.
635 924 702 963 37.
762 915 843 959 Em
863 912 946 976 γάξ
964 912 1121 976 (sangar),
1144 922 1213 964 hic
1231 921 1594 978 distinguendum,
1612 920 1767 962 deinde

175 985 262 1033 ὅσον
298 986 400 1041 ὅσον,
447 996 687 1050 (quantum,
725 1003 945 1049 quantum,
978 995 1044 1036 i.e.
1081 1002 1457 1050 quantumcunque
1487 995 1769 1050 longinquum

173 1069 302 1111 fuerit
332 1070 521 1124 tempus)
553 1060 573 1106 ὁ
597 1060 807 1124 ἐρχόμενος
830 1061 908 1116 ἥξει
932 1060 1007 1107 noh
1033 1061 1078 1107 ὀυ
1103 1065 1259 1125 χξονιᾶ.
1320 1069 1450 1111 Unde
1471 1068 1684 1124 intelligas
1704 1067 1767 1109 ita

173 1143 425 1199 prophetam
459 1144 510 1185 de
544 1144 706 1185 visione
738 1144 868 1198 loqui,
897 1152 946 1185 ut
979 1143 1140 1187 Christi
1168 1145 1400 1186 adventum
1422 1159 1518 1185 cum
1539 1141 1768 1198 Evangelii

173 1218 502 1273 praedicatione,
526 1224 569 1259 et
599 1233 675 1273 per
705 1233 796 1260 eam
813 1218 1007 1272 justitiae
1036 1226 1079 1260 et
1107 1219 1254 1260 salutis
1279 1217 1620 1260 manifestatione
1647 1232 1768 1273 prae-

173 1292 300 1334 dicet.
361 1292 494 1333 Haud
522 1292 608 1334 scio
636 1307 690 1334 an
712 1292 884 1334 affixum
904 1301 919 1333 Ἰ
949 1294 1062 1348 apud
1089 1293 1340 1349 prophetam
1361 1292 1472 1334 verti
1492 1292 1646 1335 debeat
1667 1293 1764 1348 ejus,

173 1382 228 1408 an
249 1383 324 1408 sua
343 1366 440 1420 fide,
462 1374 607 1408 utrum
637 1368 692 1408 ad
715 1367 880 1422 justum
904 1383 957 1410 ex
986 1368 1083 1420 fide,
1106 1383 1159 1408 an
1180 1368 1234 1408 ad
1267 1367 1484 1409 Christum
1516 1366 1764 1419 Dominum,

174 1441 305 1496 (Lxx.
329 1442 528 1484 videntur
548 1443 601 1483 ad
625 1442 844 1485 Christum
864 1443 1072 1495 retulisse,
1096 1432 1167 1481 ἐὰν
1186 1433 1491 1489 ὑποστείλεται,
1512 1433 1588 1479 ὄυκ
1612 1433 1772 1479 εὐδοκεῖ

172 1508 196 1561 ἦ
215 1507 338 1568 ψυχὴ
362 1512 448 1571 μοῦ
472 1509 507 1554 ἐν
531 1509 662 1571 ἀυτῷ,
685 1508 705 1554 ὁ
724 1509 764 1556 δε
790 1508 947 1562 &amoq
967 1510 1012 1556 ἐκ
1031 1508 1205 1561 πίστεως
1230 1509 1432 1571 ζήσω-σιω
1455 1517 1575 1571 cujus
1606 1516 1764 1558 adven-

171 1598 242 1632 tus
264 1591 534 1646 praedicitur,
556 1591 702 1632 referri
723 1591 890 1633 debeat.
951 1590 1081 1634 Certe
1101 1606 1187 1632 non
1208 1590 1364 1631 frustra
1388 1590 1622 1646 Apostolus
1636 1589 1764 1644 justi-

171 1665 275 1707 tiam
298 1665 383 1707 Dei
405 1681 457 1708 ex
477 1665 562 1707 fide
578 1665 759 1721 scripsit,
775 1672 818 1707 et
834 1671 983 1721 postea
998 1680 1089 1721 cap.
1106 1664 1165 1706 iii.
1183 1671 1226 1707 et
1242 1664 1342 1706 alibi
1356 1663 1570 1719 justitiam
1587 1662 1762 1717 Christi,

172 1746 216 1782 et
236 1740 365 1782 fidem
388 1739 550 1783 Christi
580 1747 718 1782 vocat.
781 1739 910 1782 Certe
931 1754 1140 1794 nusquam
1161 1753 1299 1794 neque
1319 1738 1402 1792 hic,
1423 1753 1562 1793 neque
1582 1738 1636 1779 ad
1663 1736 1762 1780 Gal.

169 1829 309 1870 neque
323 1815 376 1856 ad
393 1814 529 1856 Hebr.
546 1814 719 1856 affixum
733 1814 954 1869 expressit.
1004 1814 1077 1855 An
1093 1813 1189 1855 ideo
1202 1813 1282 1856 hoc
1295 1813 1454 1855 factum
1468 1812 1521 1854 ab
1537 1811 1760 1868 Apostolo,

169 1895 220 1931 ut
240 1888 562 1945 ambiguitatem
585 1888 755 1942 vitaret,
776 1903 856 1930 nec
876 1889 964 1930 ne?
983 1888 1090 1929 nihil
1113 1887 1299 1937 affirm03
1325 1887 1497 1930 interim
1517 1902 1603 1929 non
1623 1893 1762 1930 cessat

169 1963 250 2006 hoc
271 1978 420 2005 verum
441 1979 532 2005 esse
552 1963 597 2004 in
618 1963 814 2005 omnibus
835 1962 908 2018 qui
937 1969 1172 2016 servantur,
1194 1962 1309 2017 quod
1338 1961 1535 2004 Christus
1556 1961 1631 2003 uni
1650 1960 1761 2004 dixit

170 2037 453 2094 singulariter,
474 2037 605 2079 Fides
632 2044 708 2078 tua
734 2044 778 2079 te
800 2037 998 2079 servavit.
1057 2036 1205 2079 Dictio
1226 2036 1336 2078 vatis
1365 2036 1543 2078 Abacuc
1573 2036 1671 2090 duo,
1692 2035 1762 2078 vel

170 2112 300 2155 etiam
329 2111 412 2154 tria
440 2111 486 2153 in
517 2111 690 2154 Christo
720 2111 925 2153 beneficia
954 2111 1179 2166 pollicetur
1201 2111 1335 2167 gratis
1369 2125 1446 2166 per
1474 2109 1759 2166 Evangelium

169 2186 436 2240 conferenda,
457 2185 658 2227 nimirum
678 2200 821 2227 veram
838 2185 1063 2240 justitiam,
1077 2199 1221 2227 veram
1237 2185 1378 2238 fidem,
1393 2190 1436 2226 et
1452 2185 1596 2226 veram
1611 2183 1759 2226 vitam.

167 2261 203 2304 J
205 2261 395 2304 ustitiam
411 2275 568 2314 veram,
585 2260 742 2316 quippe
757 2259 856 2313 Dei,
879 2265 922 2302 et
944 2274 997 2302 ex
1016 2259 1101 2301 fide
1108 2275 1120 2309 3
1135 2258 1350 2314 justitiam
1365 2257 1463 2311 Dei,
1485 2256 1584 2313 quia
1599 2257 1759 2300 donum

168 2335 255 2379 Dei
275 2342 340 2378 est
360 2335 609 2392 gratuitum,
642 2341 686 2377 et
714 2334 792 2376 fflii
811 2334 909 2388 Dei,
932 2333 1005 2389 qui
1025 2349 1151 2376 verus
1171 2333 1292 2376 Deus
1322 2338 1388 2374 est
1407 2331 1452 2373 in
1471 2331 1658 2374 humana
1685 2347 1760 2374 na-

168 2417 266 2452 tura
286 2411 341 2452 ad
361 2416 540 2452 mortem
571 2425 705 2465 usque
725 2409 874 2463 crucis,
906 2407 1150 2451 obedientia
1172 2406 1374 2463 perfec-ta,
1395 2421 1444 2449 ac
1464 2405 1641 2462 proinde
1661 2405 1759 2451 Deo

168 2483 363 2527 omnibus
384 2484 521 2526 modis
541 2490 665 2541 grata
685 2490 814 2539 atque
834 2489 1037 2539 accepta3
1068 2481 1194 2524 Fidei
1214 2496 1315 2523 vero
1331 2480 1514 2535 justitia,
1537 2480 1652 2536 quod
1671 2495 1758 2523 non

167 2557 250 2600 nisi
268 2557 553 2600 instrumento
573 2557 674 2601 fidei
693 2564 839 2600 nostra
857 2557 946 2610 fiat,
975 2563 1020 2599 et
1039 2571 1064 2598 a
1083 2555 1205 2598 nobis
1226 2554 1597 2611 apprehendatur3
1627 2561 1758 2611 atque

166 2632 248 2675 hoc
264 2638 330 2675 est
349 2631 602 2674 beneficium
617 2631 812 2686 justitiae
827 2629 1150 2687 Evangelicum.
1199 2629 1398 2672 Alterum
1415 2635 1493 2683 est,
1509 2628 1610 2672 fidei
1624 2628 1758 2685 ipsius

166 2712 357 2760 naturae,
379 2712 424 2748 et
443 2694 661 2748 causaram
682 2705 830 2747 ordine
844 2704 1058 2759 justitiam
1075 2703 1386 2760 antegrediens,
1405 2703 1521 2759 quod
1539 2702 1662 2746 nobis
1680 2717 1758 2759 per

166 2779 396 2838 Evangelii
414 2778 676 2822 auditionem
696 2777 889 2834 impertit
909 2778 1042 2832 Deus,
1064 2777 1186 2833 cujus
1207 2777 1307 2820 fidei
1327 2777 1450 2833 quasi
1469 2792 1598 2820 manu
1611 2776 1758 2821 Chris-

166 2861 261 2898 tum
292 2855 337 2898 in
362 2854 576 2911 justitiam
606 2859 794 2896 nostram
825 2851 1194 2908 apprehendimus.
1265 2851 1462 2908 Utraque
1492 2851 1637 2908 igitur,
1667 2857 1757 2894 tam
