1887 3188
906 253 1058 309 [26]

195 393 233 425 et
251 387 347 436 Rep.
370 386 514 424 eximii.
573 386 727 433 Quanto
748 398 835 422 cum
865 386 946 423 zelo
966 386 1137 423 docuerit
1156 385 1409 434 Fraserburgi
1430 385 1602 430 Carolus,
1625 390 1662 421 et
1681 384 1776 432 pub-

192 458 276 504 lice,
298 462 337 494 et
354 456 536 506 privatim
564 468 633 504 per
651 456 820 504 singulas
840 456 983 502 domos,
1005 461 1105 493 totus
1125 456 1269 493 Boreas
1288 456 1406 493 novit.
1463 455 1527 492 Ex
1546 454 1628 503 ejus
1647 455 1777 491 indus-

193 528 278 574 tria,
313 539 382 576 per
409 526 714 564 benedictionem
744 526 926 571 divinam,
958 531 1065 563 tanta
1092 526 1161 563 lux
1188 525 1394 571 affulserat,
1422 531 1466 563 ut
1484 526 1599 563 etiam
1629 524 1780 574 pueruli

193 598 283 635 fidei
302 610 393 635 suae
412 597 453 633 in
473 595 683 642 Christum,
704 609 781 633 non
802 596 883 633 sine
912 595 1052 633 affectu
1070 596 1234 644 pietatis,
1265 597 1407 645 optime
1426 596 1614 633 rationem
1644 595 1779 632 redde-

194 673 291 706 rent.
349 667 424 705 Sed
443 667 639 715 Episcopi,
661 666 753 714 quia
772 678 836 703 eos
857 667 1021 703 vocabat
1039 666 1189 714 plantas
1209 679 1232 702 a
1251 666 1337 703 Deo
1357 678 1434 702 non
1452 666 1655 714 plantatas,
1676 665 1780 701 ideo-

196 751 272 787 que
291 737 567 786 exstirpandas,
591 737 683 785 quia
701 749 765 774 eos
784 736 887 784 rupti
915 735 1076 773 foederis
1096 742 1134 773 et
1152 736 1311 785 perjurii
1330 749 1414 773 reos
1433 737 1628 784 arguebat,
1650 746 1782 771 omnes

194 809 446 846 intendebant
473 820 623 853 nervos,
653 813 696 844 ut
723 819 812 844 eum
837 807 1114 855 exstirparent:
1145 819 1258 855 saepe
1277 819 1301 844 a
1319 819 1433 856 grege
1461 811 1628 843 semotus
1647 810 1714 850 est,
1745 809 1784 841 et

195 891 349 916 carcere
369 878 581 915 conclusus.
637 876 714 915 Sed
733 877 847 913 nullis
875 877 1001 922 minis,
1023 877 1138 913 nullis
1158 876 1475 914 terriculamentis
1495 889 1518 913 a
1536 875 1640 912 fideli
1659 874 1782 912 officio

195 949 400 987 absterreri
419 953 579 997 poterat.
635 947 786 984 Invicto
815 952 854 984 et
881 947 1137 995 imperterrito
1157 947 1286 984 animo
1306 947 1472 984 hostium
1500 947 1686 994 impetum
1714 957 1782 982 ex-

195 1020 296 1069 cepit
315 1025 353 1057 et
371 1019 520 1056 fortiter
547 1017 737 1055 sustinuit.
793 1017 899 1054 Nam
928 1017 1105 1065 quamvis
1124 1017 1281 1067 Tydeus
1300 1029 1469 1066 corpore,
1499 1017 1628 1054 animo
1654 1022 1783 1053 tamen

196 1090 385 1128 Hercules
418 1095 512 1127 erat.
567 1088 742 1125 Tandem
773 1092 903 1125 autem
933 1087 1059 1124 studio
1090 1094 1304 1125 maceratus
1333 1093 1372 1125 et
1400 1088 1594 1124 laboribus
1623 1086 1784 1124 assiduis

195 1161 350 1207 fractus,
366 1160 626 1198 beatissimam
641 1159 748 1195 illam
762 1158 1091 1195 immortalitatem
1107 1171 1194 1195 cum
1211 1170 1439 1195 aerumnosa
1453 1158 1526 1195 hac
1540 1157 1782 1202 mortalitate,

198 1231 342 1270 Christi
372 1230 496 1280 gratia
521 1235 560 1267 et
587 1229 859 1274 misericordia,
891 1229 1152 1266 commutavit.
1220 1229 1373 1277 Ingenii
1402 1233 1650 1265 monumenta
1677 1227 1786 1264 varia

196 1302 374 1350 reliquit:
396 1301 446 1339 ad
465 1313 570 1338 meas
590 1312 726 1337 manus
742 1300 817 1336 duo
837 1305 1106 1348 pervenerunt,
1124 1300 1361 1336 reconditam
1381 1299 1646 1344 eruditionem,
1667 1298 1784 1347 insig-

199 1385 289 1411 nem
308 1373 488 1421 pietatem
511 1377 550 1409 et
568 1371 645 1408 Dei
664 1370 789 1407 zelum
808 1370 1021 1407 luculenter
1041 1370 1302 1414 ostendentia3
1323 1369 1525 1407 Lectiones
1544 1369 1726 1406 nimirum
1745 1368 1785 1404 in

199 1443 388 1488 Esterem,
419 1448 458 1479 et
485 1441 670 1491 Analysis
698 1441 772 1477 ista
798 1439 944 1489 Logica
970 1440 1011 1476 in
1031 1440 1246 1489 Epistolam
1266 1441 1381 1477 Pauli
1408 1441 1458 1477 ad
1481 1440 1698 1477 Romanos:
1727 1451 1786 1476 se-

199 1513 368 1551 cundum
388 1512 515 1550 Deum
537 1512 584 1549 de
603 1511 650 1548 iis
665 1511 899 1559 recuperatis
914 1511 1056 1560 gratias
1071 1523 1144 1560 ago
1159 1510 1215 1548 M.
1233 1511 1443 1549 Guilielmo
1459 1510 1620 1557 Riresio,
1641 1510 1669 1548 J
1673 1510 1788 1548 uveni

200 1584 312 1621 docto
331 1589 369 1620 et
388 1583 561 1620 ministro
580 1582 701 1619 verbi.
749 1581 812 1618 De
831 1581 905 1618 hac
924 1581 1102 1630 Analysi,
1123 1581 1263 1618 Lector
1282 1582 1441 1627 erudite,
1462 1581 1651 1629 judicium
1678 1587 1787 1618 tuum

201 1653 282 1692 fore
302 1654 461 1699 confido,
484 1653 587 1701 quod
606 1652 734 1689 nullus
755 1664 925 1700 unquam
947 1651 1256 1690 Commentarius
1284 1651 1516 1702 Analyticus
1544 1652 1593 1689 ad
1621 1651 1787 1700 Logicae

200 1725 363 1774 regulas,
394 1729 581 1772 tanquam
611 1723 660 1759 ad
692 1722 887 1767 amussim,
917 1727 998 1759 tam
1026 1728 1204 1759 accurate
1233 1721 1367 1768 factus,
1397 1722 1561 1759 antehac
1593 1722 1633 1758 in
1662 1722 1788 1759 lucem

199 1794 395 1844 prodierit.
438 1794 546 1831 Bene
565 1793 662 1839 vale,
679 1792 818 1829 Lector
832 1792 1030 1838 benevole,
1047 1792 1086 1829 in
1102 1792 1272 1830 Domino
1292 1798 1420 1830 nostro
1440 1792 1529 1830 Iesu
1550 1791 1715 1838 Christo,
1736 1797 1786 1837 et,

202 1865 251 1902 ad
271 1870 467 1902 aeternam
495 1863 573 1901 Dei
599 1863 772 1912 gloriam,
803 1868 842 1900 et
860 1863 1012 1900 animae
1037 1868 1126 1900 tuae
1146 1864 1320 1910 salutem,
1351 1863 1473 1901 isthoc
1500 1862 1638 1909 fruere,
1669 1863 1790 1900 donec

203 1936 366 1973 alterum
386 1947 481 1983 opus
499 1933 706 1983 prodierit3
736 1933 839 1981 quod
858 1944 947 1970 cum
965 1934 1067 1970 bono
1087 1933 1184 1979 Deo,
1202 1934 1423 1982 propediem
1443 1933 1614 1970 futurum
1634 1945 1757 1982 spero.

1345 2004 1454 2041 Tuus
1472 2003 1512 2040 in
1532 2003 1714 2049 Domino,

1357 2073 1386 2111 J
1388 2084 1426 2112 o.
1447 2073 1717 2111 ADAMSONUS.

857 2383 1087 2427 LECTORI.

473 2497 555 2535 Vix
573 2499 695 2536 ullum
714 2499 858 2546 videas,
879 2500 1029 2546 Lector,
1050 2499 1203 2549 prodire
1221 2499 1406 2545 libellum,

527 2569 563 2606 E
583 2569 808 2608 mendicatis
827 2583 904 2608 non
924 2570 1114 2608 tumidum
1134 2569 1294 2618 Elogiis.

477 2637 583 2685 Quas
602 2651 748 2677 merces
766 2640 929 2677 nimium
948 2645 1138 2678 mercator
1156 2639 1289 2677 laudat
1307 2651 1458 2685 avarus,

529 2708 732 2758 Suspectas
751 2709 887 2747 merito
905 2710 975 2747 has
994 2715 1143 2759 emptor
1161 2710 1304 2747 habere
1322 2714 1458 2758 potest.

478 2779 595 2816 Hunc
615 2791 686 2828 ego
705 2780 737 2816 si
757 2792 917 2828 possem,
939 2780 1058 2818 nolim
1075 2780 1234 2818 laudare
1252 2779 1437 2825 libellum,

531 2849 636 2887 Nam
654 2849 766 2890 facile
785 2856 996 2899 emptorem
1016 2862 1127 2888 merx
1144 2850 1267 2899 proba
1285 2849 1488 2899 repperiet.

1365 2920 1425 2958 M.
1445 2919 1498 2958 H.
1519 2919 1744 2958 WALLACE.
