1887 3188
181 257 267 296 474
788 264 1169 305 COMMENTARIUS,

185 387 333 438 Filius,
356 393 399 428 et
421 385 540 427 Deus
563 384 747 440 Spiritus
770 384 966 437 Sanctus,
989 391 1033 426 et
1054 390 1271 426 creaturae
1293 397 1438 424 omnes
1459 390 1546 424 tam
1568 381 1767 434 visibiles,

184 476 312 516 quam
332 459 576 512 invisibiles,
601 466 644 500 et
665 459 799 501 bonae
831 466 875 500 et
902 458 1037 499 malae
1051 474 1062 507 3
1094 458 1199 499 adeo
1220 464 1269 498 ut
1290 456 1469 511 reprobi,
1493 463 1537 499 et
1563 456 1645 512 ipsi
1664 456 1769 497 Dia-

186 535 271 576 boli
298 548 554 589 quamquam
575 532 690 574 aliud
721 548 773 574 ex
804 547 879 573 suo
906 547 1031 573 sensu
1063 537 1238 587 agentes
1271 530 1338 572 vel
1367 530 1493 572 inviti
1522 544 1770 586 promovere

185 616 405 664 cogantur.
438 608 525 650 Sed
546 607 649 662 quid
670 607 722 648 de
744 606 946 648 creaturis
967 606 1146 659 loquor?
1166 604 1250 646 imo
1271 604 1382 645 mala
1400 604 1504 660 ipsa,
1527 620 1634 659 quae
1654 603 1771 646 noci-

184 690 282 725 tura
308 682 442 735 nobis,
472 689 516 723 et
543 696 745 736 perpessu
772 680 923 721 acerba
943 679 1170 727 videntur3
1203 684 1258 729 et,
1291 679 1405 731 quod
1425 678 1560 721 multo
1581 678 1769 720 omnium

185 755 596 798 admirabilissimum
614 760 691 806 est,
712 759 888 808 peccata
905 752 1033 793 etiam
1048 758 1205 803 nostra,
1224 750 1376 804 quibus
1393 750 1478 793 Dei
1492 752 1655 806 judicia
1666 766 1771 794 non-

184 845 401 885 nunquam
423 828 618 884 graviora
639 826 904 878 accersimus,
925 826 1009 867 huc
1031 825 1159 867 etiam
1181 824 1438 866 conducunt.

245 905 315 947 Sic
347 904 443 944 Deo
466 901 570 956 Opt.
602 901 720 941 Max.
753 900 891 941 visum
925 900 1103 941 subinde
1137 914 1160 940 e
1192 897 1378 940 tenebris
1410 899 1548 941 lucem
1581 913 1769 942 evoe-are.

184 978 289 1020 Ideo
311 976 457 1031 adjicit
484 966 581 1021 τούς
603 965 731 1013 noia-oc
756 967 947 1030 πρόθεσιν
970 972 1136 1021 κλητοῖς
1160 966 1283 1022 οὖσιν,
1316 981 1365 1016 ut
1396 974 1469 1029 qui
1498 973 1641 1015 vocati
1671 979 1771 1014 sunt

185 1052 418 1094 secundum
439 1050 727 1105 propositum3
749 1049 1018 1104 participium
1037 1050 1149 1090 enim
1169 1049 1349 1091 includit
1370 1063 1551 1100 causam,
1569 1062 1644 1089 cur
1663 1046 1774 1088 mala

186 1126 327 1168 omnia
356 1125 468 1166 bono
498 1131 642 1166 nostro
670 1123 893 1172 eveniant3
924 1138 1063 1178 neque
1095 1123 1207 1165 enim
1231 1123 1335 1165 haec
1364 1123 1530 1178 proprie
1557 1136 1684 1164 causa
1708 1126 1774 1163 est

186 1216 313 1256 quam
329 1199 511 1255 primum
527 1198 681 1253 posuit,
703 1213 780 1239 nos
804 1197 903 1253 (viz.
920 1197 1096 1252 Deum,)
1115 1213 1279 1247 amare3
1307 1198 1380 1239 sed
1396 1197 1513 1249 haec,
1530 1195 1671 1238 vocati
1687 1194 1774 1237 effi-

186 1275 344 1317 caciter
376 1289 533 1326 sumus,
566 1272 696 1327 idque
729 1287 782 1314 ex
811 1272 1028 1327 proposito
1059 1271 1157 1313 Dei.
1216 1271 1399 1314 Vocatio
1431 1270 1543 1312 enim
1575 1285 1635 1322 ea,
1664 1284 1773 1324 quae

187 1348 348 1401 efficax,
380 1354 556 1389 naturae
578 1346 724 1388 ordine
746 1346 1040 1402 antegreditur
1060 1361 1245 1387 amorem
1265 1346 1397 1399 illum,
1429 1360 1513 1400 quo
1533 1359 1610 1387 nos
1630 1344 1774 1386 Deum

186 1438 401 1471 amamus3
423 1421 704 1473 vocationem,
726 1427 948 1461 aeternum
963 1419 1049 1461 Dei
1063 1420 1341 1475 propositum.
1403 1419 1644 1462 Cohaerent
1661 1418 1774 1461 enim

187 1512 305 1539 amor
335 1495 421 1537 Dei
452 1501 610 1547 noster,
640 1501 683 1536 et
714 1494 882 1536 vocatio
902 1493 1038 1535 nostri
1065 1493 1222 1546 divina,
1253 1500 1296 1535 et
1326 1494 1591 1549 propositum
1620 1492 1718 1546 Dei,
1749 1507 1776 1535 a

188 1586 273 1627 quo
297 1570 456 1626 pendet
477 1568 657 1621 vocatio,
688 1583 740 1609 ex
768 1583 852 1622 qua
872 1574 1018 1609 noster
1037 1567 1080 1608 in
1102 1567 1245 1609 Deum
1274 1583 1402 1609 amor.
1461 1567 1623 1610 Probat
1642 1583 1684 1609 v.
1705 1569 1774 1620 29,

188 1645 366 1689 Vocatis
398 1659 451 1686 ex
471 1643 557 1685 Dei
586 1641 805 1698 proposito
826 1641 967 1684 omnia
997 1642 1148 1683 cedere
1168 1641 1212 1682 in
1233 1641 1405 1695 bonum,
1427 1641 1527 1697 quia
1547 1657 1652 1697 quos
1680 1657 1779 1697 pro-

187 1720 331 1777 posuit
352 1718 405 1760 ab
426 1725 599 1760 aeterno
619 1731 783 1769 vocare,
807 1723 850 1758 et
870 1716 983 1758 ultro
1013 1716 1156 1758 favore
1187 1731 1262 1757 suo
1282 1716 1492 1771 prosequi,
1515 1722 1558 1758 et
1578 1715 1777 1772 amplecti

188 1809 330 1837 amore
345 1800 395 1835 ut
410 1793 528 1834 illum
545 1792 813 1833 redamarent
832 1791 930 1846 (hoc
948 1790 1060 1832 enim
1077 1798 1141 1832 est
1157 1782 1382 1846 πξοσὲγνω)
1400 1797 1486 1832 tam
1504 1790 1631 1843 cruci,
1648 1805 1776 1846 quam

187 1868 346 1925 gloriae
366 1865 714 1923 praedestinavit,
735 1864 935 1906 nimirum
951 1865 1186 1907 conformes
1211 1864 1387 1921 imagini
1407 1864 1507 1905 Filii
1523 1864 1601 1906 sui.
1653 1863 1777 1917 Quae

188 1958 284 1986 cum
319 1942 375 1984 sit
407 1940 577 1996 dupleX,
610 1954 696 1981 una
728 1938 806 1980 sub
837 1954 961 1981 cruce
986 1938 1285 2001 ignominiosa,
1317 1939 1450 1981 altera
1479 1954 1605 1994 supra
1631 1953 1777 1981 omnes

188 2017 328 2060 coelos
352 2015 534 2072 gloriosa
551 2030 560 2055 :
594 2013 666 2054 Ad
685 2013 795 2055 hanc
817 2012 899 2054 alia
919 2019 984 2054 est
1004 2013 1132 2066 nulla,
1163 2028 1291 2068 quam
1311 2028 1387 2068 per
1405 2013 1520 2054 illam
1539 2012 1609 2055 via
1621 2029 1633 2064 3
1661 2013 1778 2055 ideo-

189 2107 272 2148 que
293 2105 399 2145 quos
420 2088 546 2131 saluti
567 2094 611 2130 et
631 2087 802 2144 gloriae,
825 2087 995 2129 eosdem
1017 2094 1062 2129 et
1076 2087 1192 2130 cruci
1211 2087 1422 2140 ferendae,
1445 2094 1488 2129 et
1510 2087 1776 2130 exantlandis

187 2180 284 2208 cum
297 2163 531 2221 ignominia
543 2161 758 2204 laboribus
774 2161 1121 2217 praedestinavit.
1163 2155 1241 2207 Εἰς
1255 2151 1306 2200 τὸ
1321 2151 1419 2200 εἶναι
1435 2152 1599 2215 olorda]
1618 2168 1669 2204 ut
1683 2161 1775 2217 ipse

191 2245 303 2282 esset
323 2237 632 2295 primogenitus
651 2236 764 2278 inter
783 2236 940 2278 multos
961 2235 1136 2285 fratres3
1158 2235 1262 2278 haec
1284 2243 1350 2278 est
1373 2235 1532 2278 Christi
1553 2250 1777 2291 praeroga-

189 2313 293 2366 tiva,
313 2319 364 2355 ut
382 2310 656 2368 primogeniti
676 2310 883 2351 Filiorum
898 2309 997 2363 Dei,
1020 2301 1062 2355 ὁς
1085 2302 1191 2348 ’ἐστιν
1214 2302 1328 2366 αςχῆ
1348 2302 1606 2365 προτῶτοκος
1628 2301 1675 2348 ἐκ
1696 2305 1775 2349 τῶν

189 2383 337 2443 νεκρῶν,
361 2378 427 2425 ἳνα
448 2378 615 2438 γένηται
637 2377 673 2423 ἐν
694 2377 821 2423 πᾶσιν
843 2373 972 2430 ἁυτός
996 2376 1219 2440 πρωτὲυων,
1248 2383 1408 2426 Coloss.
1425 2397 1516 2437 cap.
1532 2381 1560 2423 i.
1611 2384 1638 2406 ‘⁴
1655 2381 1776 2435 Quos

190 2469 334 2504 autem
353 2459 700 2517 praedestinavit,
731 2473 802 2501 eos
828 2466 872 2500 et
893 2459 1098 2512 vocavit,'’
1123 2459 1204 2500 &a
1265 2457 1434 2500 climax
1454 2455 1543 2498 sive
1567 2456 1775 2512 gradatio,

189 2535 400 2590 hujusque
421 2535 557 2577 scalae
579 2540 678 2575 sunt
698 2533 855 2589 gradus
876 2533 1088 2588 quinque3
1120 2524 1356 2588 πρόγνωσις,
1377 2530 1680 2587 praecognitio,
1701 2544 1777 2574 seu

189 2608 446 2665 praescitum
471 2608 576 2658 Dei3
607 2597 869 2663 πξοωξισμιὸς,
901 2605 1232 2661 praedestinatio
1261 2604 1345 2647 Dei
1353 2621 1364 2654 ς
1396 2600 1555 2657 κλῆσίς,
1587 2603 1774 2655 vocati03

191 2675 414 2736 δικαίωσις,
425 2682 695 2737 justificati03
714 2689 757 2724 et
775 2673 996 2736 δοξάσμος,
1019 2679 1282 2737 glorificatio.
1328 2679 1415 2721 Hic
1431 2676 1779 2720 sanctificationis

189 2774 276 2801 non
296 2764 362 2800 est
382 2771 582 2812 expressa
610 2755 784 2807 mentio,
807 2755 875 2797 vel
894 2755 994 2810 quia
1023 2754 1101 2796 sub
1116 2753 1421 2809 justificatione
1447 2752 1568 2795 facile
1588 2765 1778 2808 compre-

188 2832 391 2875 henditur
409 2831 479 2875 vel
497 2829 577 2873 sub
596 2828 927 2886 glorificatione3
949 2827 1133 2870 diximus
1149 2828 1262 2870 enim
1276 2827 1488 2883 justi-tiam
1508 2826 1630 2870 nobis
1650 2821 1780 2868 aliam*

188 2906 402 2962 imputari,
423 2905 550 2948 aliam
563 2903 795 2957 inhaerere,
812 2909 857 2947 et
872 2901 1219 2946 sanctificationis
1233 2908 1403 2945 nostrae
1417 2901 1776 2957 complementum
