1887 3188
150 215 235 257 494
769 223 1150 265 COMMENTARIUS,

157 346 397 402 opponitur,
418 345 446 386 i.
462 360 496 386 e.
528 345 695 400 integer
725 344 878 387 vitatio
908 352 983 387 aut
1013 351 1239 400 corrupto:
1271 344 1350 386 hoc
1382 359 1508 386 sensu
1538 351 1625 386 tam
1647 359 1742 400 pro-

152 420 337 475 phetiae,
359 434 486 474 quam
508 410 696 473 διακονία
728 418 895 473 proprie
917 418 1056 460 dictae
1077 418 1314 459 conveniat.
1374 417 1607 472 Integritas
1629 418 1742 460 enim

153 493 318 535 sincera
346 507 433 534 non
462 492 600 534 minus
632 485 667 530 ἐν
690 486 750 546 τῷ
774 483 997 546 ciffos-optat)
1018 482 1086 530 τόν
1119 487 1243 543 λόγον
1267 487 1339 537 τῆς
1374 483 1580 539 ἀληθὲιας,
1614 506 1741 546 quam

154 567 200 608 in
231 566 592 621 eleemosynarum
614 566 914 608 distributione
945 565 1198 619 requiritur:
1233 565 1319 607 Sed
1341 572 1432 607 esto
1464 566 1597 620 (quod
1628 566 1743 621 apud

154 640 257 682 alios
279 640 478 693 obtinuit,
500 647 544 682 et
565 640 609 680 in
629 640 737 682 hanc
758 654 893 693 usque
915 639 1026 680 diem
1055 638 1159 679 mihi
1187 654 1435 694 persuasum
1455 640 1555 695 fuit)
1578 640 1658 682 hoc
1689 641 1742 681 de

155 714 360 756 Diaconis
390 715 558 755 dicatur
578 720 622 755 et
646 713 923 768 intelligatur,
955 727 1052 752 nam
1075 718 1119 753 et
1138 712 1490 754 Macedoniorum
1520 729 1743 769 expromp-

154 796 247 831 tum
287 789 331 830 in
372 788 642 830 sublevandis
682 787 939 843 pauperibus
980 786 1306 829 beneficentiam
1346 779 1576 833 ἁπλότητα
1617 794 1743 830 vocat

155 863 309 918 Apost.
332 865 356 903 2
381 861 478 905 Cor.
501 862 590 903 viii.
613 869 656 903 et
676 862 796 903 Deus
819 861 975 903 dicitur
996 862 1095 903 dare
1128 854 1286 914 ἁπλῶς,
1317 862 1351 904 J
1353 878 1414 905 ac.
1436 863 1464 904 i.
1526 853 1742 901 Διακονία

155 953 256 993 ergo
276 937 320 978 in
340 952 494 993 genere
515 937 560 977 in
580 943 666 978 tres
686 944 829 992 partes
851 937 1065 990 tribuitur,
1087 937 1129 978 in
1154 927 1360 975 διακονίαν
1381 936 1548 992 proprie
1569 936 1741 989 dictam,

153 1011 337 1054 officium
359 1026 516 1063 eorum,
539 1011 612 1066 qui
633 1011 839 1053 bonorum
869 1011 1268 1053 Ecclesiasticorum
1300 1012 1427 1066 (quae
1458 1010 1621 1052 tributa
1639 1024 1743 1065 pau-

151 1101 300 1142 perum
331 1092 538 1127 vocantur
572 1101 597 1126 a
631 1085 868 1141 veteribus)
905 1086 1026 1140 quasi
1057 1085 1321 1141 promicondi
1353 1092 1396 1127 et
1429 1084 1741 1140 dispensatores

153 1166 282 1202 sunt:
313 1159 357 1200 in
378 1174 599 1201 censuram
628 1175 806 1213 morum,
829 1175 956 1214 quam
986 1159 1296 1215 praefecturam
1318 1175 1393 1202 seu
1412 1158 1741 1214 praesidentiam

151 1240 290 1287 vocat,
312 1243 569 1289 προστασιαν
593 1233 759 1276 Graece
783 1234 899 1288 (vide
921 1249 1023 1275 num
1045 1234 1125 1276 hoc
1154 1249 1322 1288 quoque
1353 1234 1408 1275 ad
1427 1233 1666 1288 praefectos
1695 1232 1741 1273 in

152 1323 322 1364 quoque
343 1308 490 1350 ordine
511 1308 812 1350 Ecclesiastico
833 1308 1052 1360 referatur,
1074 1315 1124 1349 ut
1150 1308 1223 1362 qui
1244 1309 1358 1363 apud
1387 1307 1603 1349 Israelitas
1623 1321 1743 1362 prae-

150 1382 254 1425 fecti
288 1383 466 1425 diversis
501 1383 754 1424 Levitarum
785 1382 1015 1435 ordinibus,
1053 1374 1247 1437 οἵξχοντες
1278 1381 1379 1423 olim
1406 1381 1531 1435 dicti)
1563 1380 1608 1421 in
1638 1394 1742 1434 quo-

151 1471 246 1498 rum
266 1456 532 1512 praefectura
552 1456 886 1498 administranda
906 1455 1136 1510 requiritur
1156 1455 1402 1511 diligentia3
1429 1454 1558 1496 tertia
1578 1453 1740 1509 species

152 1522 378 1578 διακονίας,
411 1530 639 1572 miserendi
660 1529 789 1572 verbo
820 1529 1084 1584 exprimitur,
1113 1528 1293 1581 casibus,
1316 1535 1359 1570 et
1389 1528 1574 1584 aegrotis
1603 1527 1742 1570 suble-

150 1605 315 1659 vandis,
347 1612 391 1647 et
422 1604 596 1660 propius
629 1603 826 1646 curandis
859 1609 1117 1658 occupetur:
1154 1602 1393 1657 cujusmodi
1425 1617 1580 1644 munus
1611 1601 1740 1644 fuisse

149 1679 321 1722 videtur
340 1678 452 1721 illius
472 1678 697 1721 viduarum
717 1677 897 1733 collegii,
920 1677 1039 1732 cujus
1060 1676 1255 1719 meminit
1284 1678 1306 1718 1
1330 1676 1488 1718 Timot.
1509 1691 1551 1719 v.
1581 1675 1627 1718 in
1655 1690 1740 1731 quo

148 1753 384 1796 ministerio
404 1753 622 1809 fungendo
641 1751 820 1807 requirit
847 1751 1118 1805 hilaritatem,
1151 1758 1200 1794 ut
1229 1750 1493 1793 alacritatem
1521 1755 1741 1806 praestent

147 1827 192 1869 in
213 1842 388 1870 munere
409 1841 498 1880 suo,
520 1827 781 1882 deponentes
802 1825 1030 1879 molestias,
1052 1840 1157 1880 quas
1187 1825 1292 1867 haec
1321 1824 1452 1867 habet
1472 1824 1660 1874 curati03
1689 1830 1740 1867 ut

149 1908 272 1944 tanto
293 1901 428 1957 magis
457 1900 653 1952 morbidi,
684 1899 759 1956 qui
789 1899 1040 1955 plerumque
1069 1899 1226 1942 morosi
1256 1914 1347 1941 esse
1378 1899 1530 1952 solent,
1561 1898 1742 1941 exhilar—

149 1982 289 2019 entur.
347 1975 452 2018 Non
471 1989 595 2017 nemo
615 1975 698 2017 hoc
727 1974 782 2016 ad
811 1980 949 2017 totam
964 1973 1217 2016 Ecclesiam
1246 1973 1388 2026 refert,
1411 1973 1564 2016 saltem
1583 1972 1639 2015 ad
1668 1987 1740 2015 eos

149 2065 308 2103 omnes,
340 2049 415 2104 qui
444 2050 498 2091 de
528 2064 605 2091 suo
638 2054 816 2104 erogant
851 2047 1013 2102 aliquid
1042 2048 1087 2088 in
1116 2062 1239 2090 usum
1270 2047 1526 2100 tenuiorum,
1563 2053 1608 2089 et
1639 2061 1739 2089 sane

147 2124 303 2180 Apost.
320 2126 345 2166 2
369 2123 468 2167 Cor.
489 2139 581 2179 cap.
601 2123 660 2165 ix.
681 2137 770 2166 ver.
794 2126 832 2176 7,
864 2116 1003 2178 ἱλαξον
1035 2114 1151 2168 δότην
1175 2115 1340 2178 ἀγαπᾷ
1365 2113 1386 2160 ὁ
1412 2112 1532 2166 Θεός.
1592 2120 1740 2176 Atque

145 2198 252 2241 haec
272 2206 373 2241 sunt
394 2213 583 2251 munera,
606 2212 715 2252 quae
734 2203 785 2239 ut
806 2203 982 2252 apparet
999 2211 1052 2238 ex
1072 2196 1152 2238 hoc
1168 2196 1260 2238 loco
1276 2196 1321 2237 in
1337 2195 1532 2239 Ecclesia
1546 2195 1740 2237 Romana

145 2279 240 2315 tum
269 2272 443 2315 fuerunt
474 2270 722 2325 constituta,
745 2277 788 2313 et
808 2271 854 2312 in
883 2270 1000 2313 omni
1031 2269 1278 2313 Christiana
1303 2268 1499 2312 Ecclesia
1528 2267 1738 2311 ordinarie

147 2345 472 2390 constituenda:
504 2360 686 2401 quorum
716 2345 752 2387 si
781 2344 987 2405 quodfvel
1015 2359 1149 2386 unum
1169 2344 1303 2397 deest,
1324 2343 1405 2386 hoc
1431 2342 1523 2397 ipso
1543 2354 1738 2384 mancam

147 2420 262 2462 illam
276 2426 320 2463 et
331 2419 527 2462 mutilam
540 2419 809 2476 singularem,
823 2418 1062 2461 Ecclesiam
1075 2433 1167 2460 esse
1184 2417 1369 2474 Spiritus
1382 2415 1567 2459 Sanctus
1581 2414 1739 2472 arguit:

146 2509 229 2537 nec
252 2493 375 2550 plura
403 2493 469 2536 his
498 2493 544 2535 in
572 2492 768 2536 Ecclesia
801 2492 911 2535 bene
937 2492 1173 2535 constituta
1202 2505 1379 2533 munera
1403 2489 1542 2533 locum
1563 2489 1737 2543 habent,

150 2583 250 2612 cum
263 2567 334 2610 hic
353 2567 588 2610 instituerit
603 2567 758 2623 Apost.
773 2566 1172 2610 Ecclesiasticorum
1191 2579 1414 2606 munerum
1430 2563 1737 2607 ordinariorum

148 2641 381 2699 perfectam
408 2640 781 2683 distributionem:
812 2639 971 2695 alioqui
992 2639 1200 2695 Spiritum
1222 2637 1428 2681 Sanctum
1456 2644 1533 2680 aut
1561 2636 1738 2681 oblivio-

147 2716 215 2759 nis
234 2715 540 2768 insimulemus,
561 2720 637 2756 aut
655 2713 945 2762 incurantiae3
971 2713 1061 2757 Sed
1080 2712 1192 2755 absit
1211 2711 1342 2755 verbo
1363 2711 1634 2755 contumelia.

208 2789 458 2846 Sequuntur
481 2793 709 2845 praecepta
736 2786 920 2830 Ethicae
955 2785 1223 2829 Christianae
1256 2785 1510 2829 Christianis
1539 2783 1736 2829 omnibus

147 2862 253 2908 item
281 2862 549 2907 communia:
578 2861 624 2904 in
644 2860 798 2918 quibus
827 2859 1065 2917 praeceptis
1100 2859 1346 2904 exercendis
1377 2859 1609 2904 secundum
1634 2857 1736 2901 fidei
1782 2909 1785 2913 Ι
