1887 3188
694 289 795 318 CAP.
819 289 922 316 vm.
945 278 1032 317 2-4.
1574 274 1655 313 467

66 419 108 447 v.
130 407 170 459 3,
192 406 349 462 quippe
372 407 465 449 Deo
486 406 629 459 Patre,
651 405 775 458 Filio,
806 412 849 447 et
872 404 1036 461 Spiritu
1059 405 1231 458 Sancto,
1261 419 1365 459 quas
1388 410 1431 446 et
1446 402 1654 458 justificae

67 476 362 522 tionis'causas
382 480 614 536 proposuit,
643 495 735 535 cap.
756 479 814 520 iii.
836 495 877 521 v.
900 480 968 532 24,
992 481 1059 531 25,
1089 494 1193 533 quas
1214 478 1398 520 illustrat
1419 476 1654 520 remotione

66 553 196 596 falsae
216 561 260 596 et
279 554 506 597 inefficacis
526 569 690 607 causae,
717 553 874 610 quippe
894 553 1000 609 legis
1021 568 1097 608 per
1116 559 1340 608 peccatum
1361 552 1416 592 ad
1436 567 1512 593 nos
1528 550 1656 605 justi-

66 627 254 670 ficandos
278 629 539 685 impotentis,
572 636 615 672 et
642 628 882 671 inefficacis.
942 628 1013 669 Ex
1041 642 1090 669 eo
1119 626 1232 668 enim
1253 626 1367 681 quod
1387 625 1527 680 inquit
1555 625 1655 680 (hoc

66 708 144 756 est,
176 695 212 742 ἓν
234 692 282 758 εἷ,
305 704 332 745 i.
355 719 391 746 e.
414 719 463 746 eo
485 704 618 759 quod)
642 703 807 745 infirma
828 709 940 745 esset
966 717 1043 758 per
1062 716 1232 744 carnem
1251 700 1358 756 legis
1389 698 1653 754 impotentia,

66 776 95 818 i.
117 792 153 819 e.
174 777 244 820 lex
264 778 489 834 impotens,
521 785 564 820 et
586 778 746 820 viribus
774 776 982 819 destituta
1013 782 1125 818 essct
1151 790 1228 817 nos
1259 773 1551 817 sanctificandi
1580 787 1656 828 per

67 866 250 905 carnem,
272 852 299 893 i.
322 868 357 894 e.
379 853 504 908 culpa
519 852 696 895 vitiosae
717 858 908 904 naturae,
931 857 974 893 et
995 850 1160 907 peccati
1180 850 1224 891 in
1242 865 1290 892 ea
1306 849 1405 892 olim
1421 847 1653 904 regnantis,

66 941 180 968 nunc
196 926 474 969 inhabitantis
492 943 502 976 3
533 926 654 968 Deus
675 926 802 968 misso
818 925 929 968 Filio
951 941 1026 968 suo
1047 925 1091 966 in
1112 940 1237 967 carne
1259 923 1470 966 simillima
1486 929 1655 964 nostrae

67 999 184 1042 carni
204 1000 444 1055 peccatrici,
475 1001 502 1042 i.
525 1016 561 1043 e.
583 1007 735 1042 natura
761 1000 946 1042 humana
973 999 1137 1052 induto,
1168 999 1297 1054 idque
1328 989 1415 1053 πεξῖ
1440 989 1656 1052 ἁμαξτιάς

69 1071 182 1129 (sub.
204 1065 363 1130 θυσίαν)
386 1074 431 1115 in
447 1074 664 1116 victimam
680 1089 756 1130 pro
770 1080 947 1130 peccato
963 1072 1277 1125 condemnavit,
1294 1079 1424 1127 atque
1440 1072 1546 1113 adeo
1562 1085 1657 1113 cru-

67 1147 203 1191 cifixit
226 1149 384 1204 (supra,
416 1164 507 1204 cap.
529 1149 585 1190 vi.
607 1165 647 1191 v.
672 1148 730 1204 6,)
764 1154 808 1190 et
838 1148 1036 1201 abolevit,
1058 1138 1128 1193 τὴν
1152 1137 1380 1202 ἁμαξτῖαν,
1401 1147 1540 1202 ipsum
1560 1160 1659 1201 pec-

68 1237 168 1266 cans
188 1230 425 1278 peccatum,
448 1223 638 1278 adeoque
659 1222 825 1278 peccati
846 1222 1147 1278 scaturiginem
1168 1222 1213 1262 in
1233 1222 1312 1263 hac
1334 1236 1472 1274 carne,
1503 1220 1548 1261 in
1569 1235 1660 1262 cor-

66 1303 195 1352 rupta
223 1304 376 1339 natura
405 1304 576 1346 nostra3
608 1304 657 1339 ut
687 1287 737 1336 τὸ
774 1289 988 1352 δικαίωμα
1022 1293 1100 1335 τοῦ
1127 1288 1264 1352 νόμου,
1297 1302 1346 1338 ut
1371 1294 1661 1350 justificamen

69 1371 127 1428 (si
147 1371 209 1413 ita
227 1371 345 1426 loqui
363 1371 510 1427 liceat)
528 1372 646 1428 legis,
668 1372 696 1412 i.
719 1387 754 1414 e.
776 1372 902 1427 plena
916 1373 1022 1428 legis
1043 1371 1288 1427 praestatio,
1311 1385 1419 1426 quae
1439 1369 1525 1425 legi
1546 1367 1662 1411 omni

68 1461 122 1488 ex
142 1452 263 1501 parte
284 1452 504 1502 congruat,
525 1445 570 1486 in
590 1446 712 1488 nobis
733 1446 1030 1501 compleretur,
1061 1461 1147 1487 non
1169 1451 1291 1487 extra
1310 1459 1400 1498 nos,
1428 1458 1506 1500 per
1524 1443 1663 1499 impu-

67 1520 288 1574 tationem,
322 1535 430 1575 quae
460 1519 511 1562 fit
539 1527 698 1574 nostra,
729 1521 805 1562 sed
834 1520 880 1561 in
909 1519 1032 1562 nobis
1057 1519 1243 1562 efficacia
1275 1518 1460 1575 Spiritus
1483 1517 1659 1570 Christi,

66 1600 264 1637 naturam
290 1600 480 1637 nostram
507 1610 739 1650 omnesque
769 1601 946 1637 naturae
974 1594 1199 1637 facultates
1226 1594 1281 1636 ad
1304 1594 1479 1650 plenum
1503 1591 1662 1647 justifi-

67 1669 204 1712 cantis
224 1669 268 1711 in
290 1669 424 1711 altera
443 1668 560 1719 vita3
591 1669 637 1710 in
663 1669 799 1722 nobis,
829 1669 1016 1724 inquam,
1048 1669 1122 1724 qui
1148 1668 1194 1710 in
1220 1668 1300 1711 hac
1320 1667 1412 1711 vita
1434 1666 1660 1722 incipimus

68 1743 206 1787 carnis
231 1743 538 1799 cupiditatibus
564 1743 815 1796 valedicere,
844 1749 889 1786 et
920 1743 1106 1799 Spiritus
1129 1741 1278 1786 Sancti
1305 1742 1483 1785 ductum
1511 1740 1659 1796 sequi3

68 1818 185 1874 quod
205 1823 271 1859 est
290 1832 376 1859 uno
396 1817 540 1871 verbo,
567 1817 637 1860 hic
659 1817 924 1872 sanctificari,
955 1824 1005 1860 ut
1029 1817 1129 1859 alibi
1149 1817 1446 1874 glorificemur.
1505 1815 1662 1871 Neque

69 1892 183 1936 enim
209 1892 448 1948 putandum
478 1898 545 1934 est
574 1907 651 1934 nos
679 1907 758 1934 nec
785 1907 962 1948 corpora
980 1897 1126 1935 nostra
1152 1892 1328 1934 meliora
1355 1896 1660 1947 resumpturos,

67 1981 208 2022 neque
229 1965 390 2008 animos
410 1965 600 2022 puriores
627 1966 673 2007 in
699 1966 1007 2010 resurrectione
1031 1967 1245 2022 justorum
1265 1965 1499 2019 habituros,
1531 1979 1660 2021 quam

68 2041 274 2083 habemus
305 2056 359 2083 ex
388 2040 468 2082 hac
498 2040 589 2083 vita
619 2040 866 2097 migrantes.
926 2040 1013 2083 Hic
1043 2041 1174 2083 habes
1208 2046 1387 2096 patrem,
1423 2039 1498 2096 qui
1525 2039 1661 2081 filium

69 2115 187 2158 misit
206 2131 283 2172 pro
303 2121 480 2171 pecc-ato
500 2115 556 2157 ad
576 2115 834 2171 expiandum
852 2121 1089 2172 peccatum,
1121 2122 1166 2158 et
1192 2113 1495 2158 condemnavit
1513 2128 1664 2170 pecca-

69 2197 176 2244 tum,
207 2204 306 2232 cum
333 2189 554 2232 damnaret
574 2189 761 2240 Filium3
794 2196 838 2232 et
864 2204 961 2233 cum
982 2189 1094 2232 Filio
1113 2189 1215 2232 Iesu
1243 2188 1416 2233 Christo
1437 2188 1661 2242 crucifixit,

69 2271 200 2320 atque
220 2264 326 2306 adeo
347 2279 444 2305 cum
466 2278 516 2306 eo
536 2262 794 2320 interempto
813 2263 997 2317 necavit,
1015 2264 1182 2320 sepulto
1202 2263 1505 2319 consepelivit3
1530 2262 1662 2305 habes

69 2345 116 2382 et
127 2338 287 2381 Filium
301 2337 519 2380 hominem
533 2337 707 2391 factum,
724 2343 769 2380 et
784 2337 1002 2380 victimam
1017 2353 1094 2394 pro
1109 2344 1301 2394 peccato,
1317 2337 1345 2379 i.
1355 2351 1392 2379 e.
1408 2335 1661 2379 sacrificium

71 2412 366 2468 expiatorium,
396 2412 442 2454 in
471 2412 592 2467 cujus
622 2412 909 2466 damnatione,
940 2411 1226 2466 crucifixione,
1257 2417 1408 2462 morte,
1441 2410 1662 2466 sepultura

71 2486 437 2540 condemnaretur,
459 2486 873 2543 concrucifigeretur,
895 2486 1276 2539 contrucidaretur,
1307 2491 1353 2528 et
1382 2484 1662 2541 consepelire-

72 2568 146 2605 tur
165 2560 230 2604 vis
246 2559 318 2602 illa
332 2559 498 2616 peccati
517 2560 684 2614 vitiosa,
702 2567 832 2616 atque
851 2559 1071 2617 peccatrix
1090 2559 1136 2601 in
1156 2574 1282 2603 carne
1302 2566 1461 2602 nostra.
1511 2558 1661 2602 Habes

73 2641 119 2695 et
150 2634 358 2690 Spiritum
388 2634 596 2678 Sanctum
625 2649 882 2691 quamquam
913 2633 1084 2677 disertis
1111 2633 1252 2677 verbis
1281 2648 1369 2676 non
1400 2647 1660 2690 expressum,

72 2707 400 2765 intelligendum
418 2714 564 2751 tamen
584 2725 638 2752 ex
658 2709 749 2765 ejus
770 2709 936 2763 effecto,
967 2708 1125 2765 quippe
1145 2708 1409 2752 extinctione
1431 2707 1598 2765 peccati
1617 2707 1664 2749 in

73 2782 210 2836 nobis,
227 2789 271 2825 et
283 2781 570 2825 vivificatione
583 2783 792 2838 justitiae,
809 2783 924 2840 quod
939 2783 1226 2840 significatum
1239 2782 1335 2837 fuit,
1348 2799 1391 2827 v.
1404 2785 1444 2837 2,
1461 2781 1663 2838 apertius.

31 2901 34 2903 Α
74 2857 174 2900 Lex
190 2856 375 2913 Spiritus
394 2856 510 2900 vitae
529 2855 576 2898 in
597 2856 770 2900 Christo
788 2857 988 2901 liberavit
999 2872 1068 2900 me
1088 2873 1115 2900 a
1132 2857 1300 2914 peceati
1318 2857 1414 2913 lege
1435 2863 1480 2898 et
1499 2855 1671 2908 mortis,

79 2938 124 2976 et
143 2929 420 2988 significatur,
439 2929 512 2977 his
526 2929 680 2984 verbis,
701 2947 743 2974 v.
764 2933 805 2985 4,
826 2924 892 2970 ἵνα
915 2922 964 2970 τὰ
988 2923 1203 2986 δικαίωμα
1227 2927 1306 2970 τοῦ
1327 2922 1452 2986 νόμου
1476 2923 1664 2988 πληρωθῇ

844 3007 868 3046 2
892 3017 922 3046 G
944 3007 969 3047 2
