1887 3188
749 234 850 264 CAP.
875 235 957 264 v11.
982 225 1095 265 9-23.
1611 225 1695 267 463

106 354 232 412 pauci
267 369 363 398 cum
396 353 657 410 philosophis
694 354 899 403 tradunt3
942 355 1017 396 sed
1049 371 1194 411 pugna
1229 355 1405 398 rationis
1439 356 1568 398 etiam
1603 371 1701 399 cum

105 430 283 483 ratione,
313 436 357 471 et
377 427 625 484 cupiditatis
656 442 754 469 cum
785 427 1022 483 cupiditate
1044 429 1265 471 conflictus
1296 437 1470 486 propter
1493 430 1702 486 Spiritum

107 503 269 547 Christi
297 517 493 545 aversum
529 518 554 544 a
580 501 706 556 malo,
739 508 781 544 et
812 501 913 544 boni
944 502 1079 544 omnis
1111 503 1362 557 studiosum,
1395 505 1468 559 qui
1498 512 1700 559 mentem,

102 578 290 620 illustrat
317 577 409 619 veri
435 576 608 630 lumine,
642 584 685 618 et
716 577 984 619 voluntatem
1012 578 1067 619 ad
1094 577 1206 620 bona
1233 579 1415 633 impellit
1448 581 1701 634 expetenda.

104 651 341 708 Propterea
369 651 471 693 mali
500 651 669 707 culpam
701 667 882 705 omnem,
909 653 1024 707 quod
1054 652 1098 693 in
1130 668 1174 695 se
1205 653 1410 706 admittit,
1436 653 1638 695 transfert
1658 654 1705 695 in

102 734 340 783 peccatum,
364 727 479 782 quod
500 742 757 782 quamquam
777 726 822 767 in
839 742 896 780 se,
919 734 1063 769 tamen
1084 734 1133 769 ut
1154 743 1179 769 a
1200 743 1244 769 se
1265 728 1462 781 alienum,
1484 743 1563 770 nec
1584 744 1705 784 rege-

103 801 243 844 nerati
264 801 447 844 hominis
468 808 635 857 partem
654 801 784 843 ullam
805 801 904 854 imo,
927 817 1027 844 vero
1050 801 1170 857 quasi
1201 809 1313 844 esset
1334 802 1495 857 aliquid
1517 809 1638 844 extra
1659 818 1703 845 se

105 876 322 919 describit.
367 876 471 918 Non
492 891 585 932 ego,
607 876 760 931 inquit,
783 876 905 929 facio,
928 877 1004 918 sed
1024 883 1249 932 peccatum
1270 877 1383 932 quod
1405 877 1450 918 in
1471 892 1539 918 me
1561 884 1638 931 est,
1661 893 1703 920 v.

106 953 176 994 20.
235 951 297 994 Et
321 951 426 992 mihi
456 951 615 992 malum
637 951 817 1005 adjacet,
840 967 880 992 v.
903 951 972 992 21.
1032 950 1138 993 Ideo
1169 951 1387 993 internum
1407 951 1624 993 hominem
1648 951 1702 993 ab

106 1032 282 1068 externo
311 1025 519 1082 distingui
548 1024 702 1078 innuit,
734 1041 775 1067 v.
805 1027 873 1078 22,
906 1040 992 1067 non
1019 1032 1150 1082 negat
1180 1032 1324 1068 tamen
1356 1025 1556 1068 rebellem
1586 1026 1704 1067 illam

104 1100 270 1156 peceati
290 1100 377 1142 vim
394 1100 449 1141 ad
469 1100 579 1141 mala
594 1099 825 1155 proclivem
845 1099 890 1140 in
912 1100 1110 1142 membris
1132 1100 1218 1142 suis
1241 1116 1356 1150 esse3
1379 1100 1560 1156 ideoque
1577 1107 1703 1143 vocat

104 1175 245 1231 legem
266 1174 551 1216 membrorum
571 1174 658 1230 legi
678 1174 834 1216 mentis
859 1174 1114 1216 contrariam
1136 1181 1180 1216 et
1200 1175 1414 1228 rebellem,
1439 1181 1482 1216 et
1504 1175 1582 1216 sub
1604 1190 1703 1230 pec-

105 1249 191 1292 cati
205 1250 312 1306 jugo
334 1248 454 1304 quasi
475 1248 693 1304 captivum
713 1248 971 1302 mittentem,
998 1265 1046 1291 ac
1067 1249 1333 1306 redigentem
1356 1265 1400 1291 se
1422 1249 1616 1304 quamvis
1636 1264 1702 1291 re-

104 1331 357 1380 generatum
386 1323 613 1377 hominem,
636 1339 677 1365 v.
700 1326 770 1367 23.
831 1323 962 1365 Unde
983 1324 1153 1379 cogitur
1173 1324 1409 1366 exclamare
1435 1339 1480 1365 se
1500 1323 1701 1365 miserum

105 1404 235 1453 atque
266 1413 563 1440 aerumnosum
594 1398 821 1451 hominem,
855 1404 898 1440 et
929 1405 1076 1453 optare
1107 1398 1403 1440 liberationem
1433 1398 1486 1439 ab
1509 1398 1589 1440 hoc
1611 1413 1702 1440 cor-

104 1488 206 1528 pore
227 1488 313 1515 non
342 1472 512 1514 mortali
540 1472 676 1528 magis
702 1487 829 1527 quam
859 1472 1089 1514 mortifero.
1152 1471 1251 1525 Quo
1273 1480 1374 1515 voto
1404 1472 1510 1513 mihi
1530 1473 1702 1514 videtur

103 1563 191 1590 non
211 1553 301 1589 tam
331 1547 440 1589 velle
462 1563 572 1600 eum,
599 1547 705 1589 solvi
726 1547 910 1588 animam
930 1547 1078 1589 mortis
1099 1547 1346 1589 interventu
1366 1547 1493 1601 hujus
1514 1547 1701 1603 corporis

104 1622 298 1675 nexibus,
330 1637 458 1677 quam
488 1637 514 1663 a
542 1621 708 1677 peccati
738 1621 950 1677 pravitate
982 1627 1026 1662 et
1057 1621 1336 1674 contumacia,
1369 1636 1477 1676 quae
1498 1636 1595 1663 cum
1616 1620 1702 1663 Dei

105 1696 267 1739 offensa
293 1704 452 1738 certam
480 1695 712 1751 perniciem
739 1702 892 1737 natura
923 1711 999 1737 sua
1029 1695 1165 1749 affert,
1186 1695 1370 1737 liberari.
1428 1695 1520 1736 Alii
1540 1695 1593 1737 de
1620 1695 1701 1738 hac

106 1769 320 1812 communi
341 1776 478 1811 morte
507 1769 588 1811 hoc
616 1769 876 1825 intelligunt,
899 1769 1014 1824 quod
1034 1785 1119 1810 non
1141 1769 1265 1811 aliter
1294 1769 1549 1823 admiserim,
1572 1785 1700 1825 quam

106 1843 142 1886 si
172 1843 234 1886 ita
261 1843 455 1900 accipias,
487 1843 606 1885 illum
635 1843 802 1899 peccati
831 1850 1074 1899 pertaesum
1102 1843 1234 1885 emori
1264 1859 1432 1899 cupere,
1463 1859 1518 1885 ne
1550 1850 1700 1899 peccat

106 1918 287 1975 amplius
315 1925 359 1961 et
379 1934 477 1961 cum
502 1918 642 1974 capite
674 1917 847 1960 Christo
878 1917 1221 1972 conjunctionem
1252 1917 1296 1959 in
1327 1917 1461 1960 altera
1490 1918 1581 1960 vita
1608 1918 1700 1960 sine

105 1999 282 2048 peccato
299 1998 511 2048 expetere,
528 2008 568 2033 V.
587 1993 655 2034 24.
700 1991 874 2034 Interea
889 1992 1040 2034 dextre
1056 1992 1335 2049 intelligenda
1355 1992 1485 2035 verba
1500 1985 1698 2045 γινώσκω,

108 2058 223 2114 θέλω,
249 2059 434 2123 πράσσω,
458 2062 581 2122 μισῶ,
607 2062 723 2114 ποιῶ,
747 2081 802 2108 ne
823 2066 919 2122 quis
948 2073 1074 2122 putet
1097 2066 1217 2108 illum
1242 2073 1317 2108 aut
1339 2081 1506 2122 semper
1525 2065 1635 2108 velle
1656 2072 1701 2108 et

105 2141 340 2198 approbare
361 2141 533 2194 bonurn,
555 2148 630 2183 aut
649 2141 762 2183 nolle
779 2147 823 2183 et
838 2140 1077 2197 improbare
1092 2141 1270 2191 malum3
1292 2147 1368 2183 aut
1388 2155 1555 2196 semper
1574 2155 1701 2197 agere

105 2222 182 2258 aut
211 2214 362 2269 facere,
385 2216 501 2271 quod
530 2215 701 2269 malum,
732 2215 892 2258 bonum
913 2231 1014 2258 vero
1044 2231 1288 2271 nunquam3
1319 2216 1396 2258 sed
1416 2222 1466 2257 ut
1485 2214 1702 2262 hominem

104 2289 351 2333 interiorem
372 2290 426 2332 ab
447 2289 670 2343 exteriore,
687 2289 748 2332 sic
763 2290 988 2332 facultates
1010 2296 1054 2332 et
1074 2290 1264 2333 actiones
1284 2289 1497 2332 interioris
1517 2289 1701 2332 hominis

106 2364 335 2422 distinguit
362 2365 416 2407 ab
447 2364 686 2407 actionibus
718 2370 762 2406 et
791 2364 1066 2407 facultatibus
1097 2364 1319 2407 exterioris
1346 2363 1542 2417 hominis,
1565 2370 1609 2406 et
1633 2363 1700 2406 his

105 2437 245 2480 utitur
263 2445 468 2495 tanquam
494 2439 661 2495 peccati
688 2438 948 2481 administris
978 2446 1054 2481 aut
1084 2439 1260 2493 effectis,
1286 2439 1368 2482 illis
1388 2453 1490 2481 vero
1519 2444 1570 2481 ut
1599 2437 1702 2499 boni

106 2511 258 2565 causis,
279 2517 408 2568 atque
430 2513 665 2556 effectibus.
724 2513 779 2555 In
800 2528 964 2556 summa
992 2521 1181 2556 mentem
1203 2520 1248 2556 et
1268 2513 1534 2556 voluntatem
1553 2512 1702 2556 interi-

107 2586 192 2630 oris
211 2586 408 2640 hominis,
433 2588 462 2630 i.
475 2603 512 2630 e.
533 2588 635 2631 novi
655 2594 700 2630 et
721 2587 965 2644 spiritualis,
987 2594 1192 2643 tanquam
1211 2588 1426 2644 potentias
1447 2595 1493 2631 et
1511 2594 1702 2644 potesta-

75 2661 79 2666 *
104 2666 173 2706 tes
192 2667 371 2717 usurpat
378 2677 390 2710 ;
411 2661 456 2704 et
476 2661 536 2705 sic
556 2677 813 2720 cognoscere
834 2669 879 2704 et
899 2661 1021 2716 velle,
1043 2677 1287 2719 quanquam
1307 2669 1550 2706 sanctarum
1570 2662 1703 2705 facul-

107 2741 244 2778 tatem
260 2741 428 2777 sanctas
443 2735 677 2779 motiones:
700 2736 898 2791 Carnem,
914 2736 1117 2791 membra,
1135 2744 1179 2780 et
1197 2737 1244 2779 ni
1263 2736 1386 2780 fallor
1401 2737 1531 2780 etiam
1547 2751 1700 2792 corpus

106 2824 184 2866 pro
215 2808 352 2851 veteri
377 2808 549 2852 homine
579 2810 766 2865 adhibet,
789 2810 911 2867 quasi
941 2817 1166 2854 externum
1189 2811 1418 2866 hominem,
1449 2812 1477 2854 i.
1492 2827 1530 2854 e.
1550 2817 1602 2853 ut
1629 2810 1701 2853 hic

106 2883 261 2938 innuit,
276 2898 363 2926 non
375 2883 618 2940 regenitum
627 2884 877 2941 designent3
897 2901 1024 2942 agere
1040 2901 1141 2929 vero
1158 2893 1202 2929 et
1214 2886 1366 2940 facere,
1379 2901 1456 2942 pro
1471 2884 1701 2928 functioni-
