1887 3188
214 203 297 243 418
816 212 1196 254 COMMENTARIUS,

215 333 316 374 inde
344 348 368 374 a
392 333 552 375 mundo
582 332 767 386 condito,
789 333 858 375 vel
887 333 1034 375 mundi
1067 332 1254 384 conditu,
1278 347 1331 374 ex
1361 331 1557 387 operibus
1588 330 1805 376 intellecta

215 408 429 463 pervideri
464 408 672 450 affirmat:
710 408 800 450 Ubi
831 409 1023 463 expende
1058 408 1163 449 illud
1195 403 1387 462 νοοῦμενα
1418 409 1531 462 quod
1562 423 1648 450 non
1677 409 1804 451 modo

216 482 303 524 vim
316 482 583 538 intelligendi
596 483 912 537 praesupponit,
929 498 1055 537 quam
1069 478 1154 520 νοῦν
1169 490 1323 524 vocant
1338 482 1506 535 Graeci,
1522 483 1597 524 sed
1611 489 1653 524 et
1667 482 1804 538 ipsam

214 556 542 613 intelligentiam
574 556 663 598 sive
693 563 940 611 praeceptas
971 556 1178 608 notiones,
1210 556 1300 597 sine
1331 556 1484 610 quibus
1514 557 1596 598 alia
1624 571 1709 598 non
1740 557 1805 598 in-

214 630 459 686 telligimus.
518 629 719 671 Dubitari
749 636 891 684 potest
922 630 975 671 de
1007 629 1314 684 significatione
1344 631 1667 685 praepositionis
1697 621 1800 676 &ea-6,

213 711 263 745 ut
285 711 328 745 et
349 703 530 745 nominis
550 695 732 750 κτίσεως,
756 703 1021 759 significetne
1042 703 1299 744 creationem
1320 703 1466 757 ipsam,
1487 703 1515 744 i.
1533 718 1569 745 e.
1591 704 1803 746 actionem

213 777 384 819 creandi
407 777 475 831 (ut
496 777 786 832 exposuimus)
820 792 871 818 an
904 792 969 818 res
994 777 1106 832 ipsas
1137 784 1298 818 creatas
1330 777 1419 818 sine
1449 777 1652 832 temporis
1682 784 1804 820 nota-

212 852 328 893 tione
347 867 356 892 :
389 851 502 906 quod
524 851 733 906 posterius
749 866 834 893 non
851 851 1022 892 videtur
1041 857 1215 905 propter
1234 850 1351 904 illud,
1374 851 1488 906 quod
1510 851 1733 905 subjicitur
1748 852 1802 894 de

216 924 427 980 Operibus,
460 918 665 980 ’ποιήμασί
681 938 692 971 3
728 931 840 967 esset
876 925 988 967 enim
1017 916 1303 977 ταυτολογία,
1333 924 1415 966 nisi
1443 924 1506 966 ita
1535 924 1800 980 distinguas:

213 998 510 1041 —Invisibilia
530 999 614 1041 Dei
647 999 844 1055 operibus
874 999 1093 1042 intellecta
1121 999 1399 1055 pervidentur
1427 998 1472 1039 in
1502 999 1651 1040 mundi
1680 999 1802 1054 quasi

213 1073 398 1128 speculo,
435 1081 479 1115 et
519 1088 573 1116 ex
608 1074 734 1116 rebus
770 1074 923 1116 creatis
958 1074 1284 1129 perspiciuntur.
1346 1073 1433 1116 Sed
1472 1074 1612 1116 minus
1647 1074 1800 1129 placet.

211 1147 383 1189 Interea
403 1147 540 1200 docet,
563 1163 784 1202 quousque
804 1148 946 1190 lumen
972 1148 1148 1190 rationis
1169 1155 1213 1190 et
1234 1155 1410 1189 naturae
1440 1147 1738 1204 progrediatur
1755 1148 1802 1189 in

210 1222 306 1264 Deo
331 1223 639 1278 cognoscendo,
671 1222 751 1264 viz.
773 1223 827 1264 ad
847 1222 1082 1264 tollendum
1113 1237 1281 1264 omnem
1312 1221 1577 1277 ignorantiae
1606 1229 1803 1277 praetex-

210 1303 316 1349 tum,
345 1303 394 1338 ut
414 1311 500 1338 non
520 1296 718 1349 habeant,
750 1297 865 1351 quod
885 1311 960 1352 pro
982 1311 1026 1338 se
1047 1311 1187 1338 coram
1208 1296 1293 1337 Dei
1314 1296 1516 1337 tribunali
1545 1296 1588 1337 in
1620 1295 1802 1357 dicenda

211 1384 338 1411 causa
359 1369 607 1420 obtendant,
629 1369 710 1411 hoc
732 1370 844 1411 enim
874 1377 939 1411 est
970 1385 1060 1412 esse
1092 1362 1420 1422 ἀναπολὸγητον,
1453 1369 1506 1411 ab
1535 1385 1616 1411 usu
1645 1369 1802 1412 forensi

211 1444 487 1486 translatione
505 1451 687 1499 sumpta.
725 1443 926 1486 Ceterum
943 1445 1178 1486 naturalem
1197 1444 1473 1500 Theologiam
1489 1444 1544 1485 ad
1560 1444 1644 1486 duo
1660 1443 1801 1499 capita

209 1525 396 1571 revocat,
437 1519 491 1560 ad
525 1518 720 1560 notitiam
758 1525 954 1560 aeternae
984 1518 1214 1573 potentiae,
1247 1525 1291 1560 et
1321 1518 1517 1560 notitiam
1548 1517 1799 1571 divinitatis,

212 1607 391 1647 quarum
405 1592 538 1634 altera
550 1592 773 1645 infinitam,
787 1592 1048 1645 immensam,
1063 1592 1297 1647 simplicem
1309 1592 1394 1634 Dei
1410 1591 1649 1643 essentiam,
1665 1592 1801 1634 altera.

210 1666 492 1723 proprietates
513 1673 675 1708 ceteras
701 1666 946 1709 essentiales
967 1666 1276 1722 complectitur.
1336 1665 1450 1708 Illud
1478 1659 1534 1711 εἰς
1556 1657 1606 1705 wi
1629 1656 1738 1714 ἕναι,
1764 1665 1801 1708 si

210 1740 339 1782 finem
369 1740 542 1793 indicat,
569 1747 613 1783 et
644 1755 767 1782 usum
796 1740 975 1783 notitiae
1005 1741 1208 1782 naturalis
1239 1741 1293 1783 de
1314 1740 1422 1793 Deo,
1454 1740 1639 1796 respicit,
1665 1756 1706 1783 v.
1729 1742 1797 1794 19,

210 1814 482 1870 superiorem,
514 1815 627 1857 unde
658 1815 843 1870 pendeat
873 1822 1054 1870 oportet,
1086 1815 1185 1870 q.d.‚
1216 1815 1336 1857 Deus
1365 1815 1564 1870 reliquias
1593 1815 1798 1857 naturalis

208 1889 315 1931 lucis
335 1889 381 1930 in
400 1889 571 1931 homine
590 1889 709 1944 lapso
729 1889 784 1930 ad
804 1889 887 1931 huc
918 1904 1136 1944 superesse
1167 1889 1303 1931 voluit
1333 1889 1388 1930 ad
1418 1904 1515 1931 eum
1545 1889 1798 1932 convincen-

211 1965 313 2005 dum
329 1980 339 2005 ε
368 1963 434 2006 sin
446 1978 546 2006 vere
562 1963 755 2018 proxima
767 1963 952 2019 respicit,
969 1963 1232 2019 significatur
1248 1979 1297 2006 eo
1313 1971 1476 2005 tantam
1485 1963 1571 2006 Dei
1585 1963 1796 2016 notitiam,

212 2053 260 2080 ac
282 2044 371 2079 tam
390 2037 546 2079 claram
573 2037 735 2079 homini
755 2037 961 2092 reliquam
981 2052 1074 2079 esse
1104 2037 1255 2090 lucem,
1277 2044 1326 2079 ut
1355 2037 1544 2093 praecisa
1573 2037 1630 2080 sit
1659 2037 1796 2080 omnis

212 2111 442 2154 excusandi
455 2111 520 2154 sui
533 2119 608 2154 aut
621 2111 930 2167 tergiversandi
945 2126 1072 2153 causa
1087 2127 1096 2152 z
1118 2111 1223 2153 Ideo
1231 2111 1388 2164 subdit,
1407 2114 1432 2136 “
1444 2118 1669 2167 propterea
1680 2111 1796 2166 quod

210 2200 306 2229 cum
331 2186 475 2228 Deum
505 2185 821 2242 cognoverint,’'
853 2185 1007 2240 quibus
1038 2185 1178 2227 verbis
1207 2185 1447 2241 ingreditur
1474 2185 1653 2227 notitiae
1681 2184 1795 2228 illius

210 2261 402 2314 abusum,
419 2275 547 2316 quem
562 2260 764 2314 injustam
780 2259 972 2302 veritatis
989 2260 1279 2302 detentionem
1294 2259 1476 2312 vocavit,
1499 2261 1525 2283 “
1536 2256 1623 2301 non
1637 2259 1796 2315 glorifi—

208 2341 361 2378 carunt
375 2342 426 2377 ut
440 2335 622 2387 Deum,”
638 2334 735 2376 ideo
750 2333 870 2389 impii
885 2349 895 2383 ;
925 2335 951 2358 ‘⁴
967 2342 1042 2375 aut
1057 2333 1169 2389 grati
1184 2333 1393 2385 fuerunt,”
1409 2332 1506 2375 ideo
1521 2332 1683 2388 injusti,
1698 2348 1796 2390 gra-

209 2409 351 2452 titudo
382 2409 495 2451 enim
518 2408 714 2464 justit-iae
735 2407 895 2463 species
920 2415 1003 2460 est,
1021 2414 1170 2449 contra
1197 2406 1431 2460 injustitiae
1453 2407 1614 2462 species
1635 2415 1702 2451 est
1729 2407 1794 2450 in-

207 2483 321 2539 grati
340 2483 470 2524 animi
490 2482 644 2525 vitium
657 2499 670 2524 z
701 2482 841 2537 Atqui
860 2481 1056 2537 impietas
1077 2487 1122 2523 et
1141 2480 1351 2536 injustitia
1374 2488 1475 2523 sunt
1503 2481 1675 2524 habitus
1703 2482 1795 2524 vol-

207 2555 371 2598 untatis
410 2556 619 2598 humanae
659 2562 867 2610 quantum
906 2555 1175 2610 depravatae,
1210 2555 1460 2609 praesertim
1499 2570 1601 2611 erga
1633 2555 1791 2599 Deum.

207 2629 413 2686 Sequitur
431 2629 704 2672 hallucinatio
721 2636 770 2671 et
789 2628 971 2672 caecitas
991 2627 1245 2682 intellectus,
1275 2629 1489 2684 vanitatis,
1519 2629 1792 2673 tenebrarum

204 2711 254 2748 et
274 2703 501 2747 vacuitatis
520 2703 830 2759 intelligentiae
853 2702 994 2744 verbis
1021 2717 1233 2757 expressa,
1254 2710 1418 2758 sponte,
1440 2709 1485 2745 et
1504 2703 1630 2757 ultro,
1660 2711 1790 2759 atque

207 2779 314 2821 adeo
327 2792 455 2834 opera
467 2783 511 2820 et
525 2776 735 2819 industria
748 2782 894 2819 nostra
908 2776 1102 2818 consulto
1118 2777 1334 2830 accersita,
1350 2784 1401 2820 ut
1416 2777 1472 2820 sit
1487 2769 1639 2830 ἄγνοια
1653 2773 1792 2824 κακῆς

204 2844 429 2900 διαθέσεως,
461 2846 511 2894 ut
540 2866 637 2894 cum
666 2850 830 2894 ratione
859 2849 1130 2904 insaniamus,
1152 2858 1197 2894 et
1226 2851 1530 2906 ratiocinando,
1552 2859 1597 2895 et
1616 2851 1791 2895 oux-iosi-
