1887 3188
667 231 770 260 CAP.
793 231 864 261 111.
887 221 1031 261 21-26.
1588 217 1672 258 435

71 359 211 406 antur,
243 351 436 407 sequitur
465 349 661 393 omnibus
677 349 964 404 justificandis
986 364 1112 403 supra
1132 356 1329 390 naturam
1361 347 1668 403 assurgendum

71 443 176 480 esse,
199 433 243 469 et
261 426 295 468 J
298 425 444 467 udaeis
473 439 560 466 non
590 424 731 466 minus
752 439 880 479 quam
912 423 1129 465 Gentibus
1150 423 1297 464 divina
1322 423 1368 463 in
1391 422 1564 464 Christo
1595 435 1671 476 per

70 500 357 557 Evangelium
377 498 634 542 conferenda
648 498 820 553 justitia
839 497 1076 540 necessario
1094 512 1199 552 opus
1217 511 1321 549 esse,
1339 496 1458 550 cujus
1474 495 1670 550 justitiae

64 574 341 631 justificantis
369 588 517 616 causas
549 588 694 615 01111165
725 579 922 615 accurate
959 578 1002 615 et
1029 571 1269 613 luculenter
1298 570 1436 613 tribus
1464 569 1671 622 versibus,

71 651 140 702 24,
159 652 227 703 25,
245 651 313 702 26,
337 648 535 704 explicat.
585 640 901 702 Δικαιοῦμενοι,
920 654 968 689 ut
990 646 1064 702 qui
1079 646 1377 701 justificemur,
1394 660 1435 687 v.
1454 646 1493 697 3,
1512 658 1672 696 01111165,

70 724 139 766 1.6.
170 739 196 765 a
229 722 417 779 peccatis
447 722 729 776 absolvamur,
764 713 924 779 δωρεὰν,
948 722 1060 763 dono
1092 736 1176 776 quo
1206 735 1284 762 nos
1305 719 1438 761 Pater
1465 718 1598 760 donat
1628 716 1674 758 in

73 797 247 841 Christo
268 813 344 853 per
366 796 574 853 Spiritum
597 797 817 851 Sanctum,
848 792 902 853 «τῇ
937 789 1073 835 dovre&
1106 788 1250 851 χάριτι
1288 809 1364 836 sua
1393 792 1526 849 ipsius
1556 805 1674 833 mera

72 872 224 930 gratia,
245 880 295 914 ut
316 887 455 927 neque
487 872 542 914 sit
572 871 616 913 in
646 871 768 914 nobis
800 887 825 913 a
854 880 1007 913 natura
1028 872 1095 913 vel
1126 868 1359 926 recipiendi
1380 867 1573 920 facultas,
1605 865 1675 908 vel

72 946 343 1003 promerendi
363 946 513 999 virtus,
536 962 634 989 cum
655 962 782 989 causa
805 946 1035 1002 (siquidem
1058 960 1210 988 causae
1231 959 1387 987 nomen
1407 942 1477 985 hic
1498 942 1579 983 rite
1601 941 1676 982 ad-

73 1021 220 1064 hibere
241 1021 303 1062 fas
325 1021 400 1076 sit)
423 1028 512 1063 tam
534 1021 719 1063 efficiens
741 1037 868 1076 quam
889 1020 1111 1076 impellens
1133 1027 1176 1062 et
1197 1033 1428 1075 procurans
1459 1024 1580 1059 extra
1608 1031 1677 1058 su-

74 1111 235 1152 praque
257 1111 333 1137 nos
355 1095 423 1148 sit,
445 1102 720 1151 nostramque
740 1103 951 1149 naturam,
974 1095 1077 1150 quin
1099 1102 1143 1137 et
1166 1094 1364 1138 Christus
1386 1098 1452 1135 est
1481 1097 1677 1134 nostrum

76 1170 182 1213 illud
213 1162 467 1226 ἀντίλυτξον,
492 1171 612 1226 eujus
634 1170 924 1213 satisfactione
946 1177 1151 1225 tanquam
1170 1169 1309 1225 pretio
1330 1184 1407 1225 pro
1437 1167 1560 1209 nobis
1581 1180 1681 1210 6Χο-

76 1246 169 1288 luto
190 1245 234 1286 in
254 1245 497 1287 libertatem
517 1245 785 1287 vindicamur
797 1262 808 1295 3
841 1246 895 1287 ad
915 1245 1097 1301 gratiam
1120 1260 1221 1301 ergo
1242 1244 1328 1286 Dei
1348 1243 1491 1285 Patris
1512 1240 1680 1284 accedit

80 1319 243 1364 Christi
264 1320 508 1362 obedientia
529 1321 583 1362 ad
604 1326 786 1362 mortem
819 1335 955 1375 usque
985 1319 1122 1362 crucis
1144 1320 1198 1362 de
1218 1326 1422 1375 paternae
1442 1315 1678 1360 voluntatis

79 1404 253 1438 aeterno
274 1396 471 1437 decreto:
502 1394 619 1436 Nam
640 1394 761 1436 Deus
783 1394 927 1447 Pater,
949 1411 991 1437 v.
1013 1396 1081 1448 25,
1104 1400 1204 1436 ante
1225 1394 1433 1435 mundum
1457 1391 1680 1434 conditum

80 1470 300 1527 proposuit
321 1486 465 1512 secum
489 1470 588 1526 (hoc
611 1470 724 1512 enim
745 1477 810 1513 est
832 1461 1043 1526 πξόεθετο)
1064 1469 1200 1511 filium
1220 1484 1345 1510 suum
1364 1467 1398 1510 J
1401 1482 1519 1510 esum
1535 1465 1681 1509 Chris-

79 1551 173 1588 tum
189 1537 436 1601 ἶλαστῇξιον,
450 1545 518 1587 1.6.
534 1545 862 1600 placamentum,
877 1544 1004 1601 legali
1017 1543 1312 1600 propitiatorio
1326 1541 1519 1598 patribus
1533 1540 1681 1582 adum-

80 1620 251 1663 bratum
272 1620 352 1662 sub
375 1621 484 1676 lege,
506 1619 636 1674 idque
656 1635 734 1675 per
753 1617 1019 1662 fundendum
1045 1618 1296 1674 sanguinem
1320 1632 1456 1670 suum,
1478 1614 1680 1672 legalium

84 1695 355 1738 victimarum
394 1694 613 1736 umbratili
654 1694 861 1750 sanguine
893 1693 1194 1735 adumbratum
1236 1698 1280 1735 et
1319 1690 1653 1747 praefiguratum
1670 1705 1682 1739 ;

84 1769 208 1812 nobis
247 1784 349 1812 vero
389 1775 434 1812 et
472 1768 676 1811 Patribus
716 1769 796 1811 sub
835 1769 930 1825 lege
970 1767 1167 1810 fidelibus
1210 1782 1288 1823 per
1326 1766 1456 1808 fidem
1497 1764 1685 1821 Spiritus

86 1843 236 1888 Sancti
265 1843 428 1886 virtute
457 1843 878 1899 apprehendendum.
937 1843 1060 1885 Finis
1090 1849 1236 1885 autem
1268 1841 1433 1884 consilii
1465 1840 1601 1883 divini
1630 1838 1684 1882 ab

87 1926 274 1972 aeterno,
297 1926 342 1961 et
363 1917 528 1962 Christi
547 1918 706 1974 populo
721 1918 859 1961 veteri
879 1917 1088 1975 legalibus
1101 1916 1262 1960 umbris
1279 1916 1378 1959 olim
1394 1914 1685 1972 praefigurati,

86 1994 169 2037 fuit
178 1993 374 2049 justitiae
390 1993 561 2035 divinae
577 1992 622 2034 in
637 1991 800 2036 Christi
817 1993 1008 2035 adventu
1023 1991 1089 2034 his
1103 1990 1366 2048 temporibus
1383 1990 1583 2043 ostensio,
1599 2004 1687 2032 non

87 2084 210 2112 secus
231 2083 280 2110 ac
300 2067 433 2123 siquis
454 2067 639 2124 digitum
659 2067 716 2110 ad
735 2083 829 2110 eam
850 2067 1060 2122 intendat,
1084 2067 1166 2110 hoc
1196 2066 1311 2110 enim
1331 2073 1398 2110 est
1428 2059 1483 2113 ἐις
1516 2057 1685 2115 ἔνδειξιν.

89 2143 176 2187 Sed
198 2148 375 2198 quaerat
395 2141 549 2184 merito
569 2141 734 2197 aliquis,
756 2157 959 2198 quorsum
986 2157 1092 2199 opus
1113 2141 1478 2184 demonstratione
1491 2141 1689 2197 justitiae

89 2217 203 2268 Dei3
236 2216 489 2272 Respondet
507 2215 758 2272 Apostolus,
778 2223 954 2273 propter
973 2216 1321 2273 praeteritionem
1353 2216 1454 2272 (hoc
1483 2216 1597 2259 enim
1622 2223 1690 2259 est

91 2283 284 2348 πάρεσις)
314 2291 360 2334 id
381 2297 448 2334 est
467 2291 590 2346 quasi
619 2291 936 2334 conniventiam
968 2298 1012 2335 et
1042 2290 1424 2334 dissimulationem
1453 2297 1554 2334 ante
1574 2306 1691 2334 com-

90 2367 313 2410 missorum
329 2373 602 2422 peccatorum
613 2366 704 2421 jam
719 2365 820 2408 inde
840 2381 867 2408 a
881 2366 1003 2422 lapsu
1023 2365 1151 2422 primi
1165 2365 1362 2419 hominis,
1376 2380 1486 2421 quae
1502 2365 1687 2422 expiata,

91 2448 192 2485 ante
214 2440 434 2484 Christum
454 2441 500 2483 in
519 2456 647 2484 carne
668 2440 919 2495 exhibitum,
940 2440 1028 2483 ullo
1048 2439 1253 2496 piaculari
1280 2439 1485 2483 sacrificio
1509 2455 1597 2483 non
1625 2439 1692 2482 fu-

92 2522 228 2568 erant,
241 2515 371 2570 idque
387 2531 441 2558 ex
453 2515 680 2558 tolerantia
692 2515 790 2570 Dei,
805 2516 926 2570 cujus
936 2515 1133 2571 justitiae
1147 2530 1225 2571 pro
1240 2514 1492 2558 Electorum
1503 2514 1691 2571 peccatis

93 2589 360 2634 satisfactum
371 2596 472 2632 ante
486 2606 573 2633 non
585 2590 739 2633 fuerat.
779 2590 853 2633 Ad
869 2589 1276 2633 demonstrationem
1291 2589 1466 2645 inquam
1485 2575 1565 2646 (516
1578 2589 1693 2632 6111111

93 2671 222 2721 urget
240 2663 370 2706 finem
391 2663 526 2707 divini
545 2665 708 2708 decreti
718 2671 772 2708 ret
792 2664 1129 2708 adumbrationis
1145 2663 1258 2707 tanti
1270 2664 1466 2721 mysterii
1480 2664 1559 2706 sub
1574 2663 1692 2720 lege)

95 2738 267 2783 divinae
281 2737 477 2793 justitiae
497 2738 542 2780 in
573 2739 789 2794 praesenti
818 2746 1024 2796 tempore,
1046 2754 1156 2795 quae
1179 2738 1352 2794 justitia
1380 2738 1498 2795 prius
1529 2742 1697 2794 semper

94 2813 230 2857 latere
259 2812 428 2856 occulta
457 2812 698 2867 videbatur,
731 2829 859 2870 quam
887 2829 964 2870 per
994 2821 1218 2857 aeternum
1252 2812 1452 2857 Christus
1484 2811 1695 2869 Spiritum

97 2887 282 2944 seipsum
299 2886 469 2942 obtulit,
485 2893 706 2930 aeternum
720 2888 1059 2944 redemptionem
1079 2888 1274 2943 adeptus,
1295 2886 1412 2929 Heb.
1432 2886 1490 2928 ix,
1550 2885 1696 2941 Hujus

866 2963 891 3004 2
913 2974 943 3004 E.
965 2963 990 3004 2

845 3053 888 3078 Ὅ
