1887 3188
352 676 1170 755 COMMENTARIUS,
1235 681 1333 747 &c

412 1000 873 1044 ARGUMENTUM
921 1002 1296 1046 EPISTOLAE.

59 1128 198 1172 HAEC
220 1129 410 1185 epistola,
433 1146 639 1173 summam
663 1130 979 1174 Christianismi
1000 1132 1232 1188 complexa,
1255 1137 1424 1174 constat
1448 1128 1589 1172 medio
1612 1134 1656 1171 et

59 1204 261 1246 extremis
274 1221 285 1254 3
309 1212 500 1247 extrema
520 1206 618 1258 duo,
640 1205 757 1261 prius
789 1213 832 1248 et
862 1207 1099 1262 posterius:
1131 1207 1258 1249 Prius
1280 1212 1520 1248 extremum
1541 1204 1656 1246 dica-

57 1284 130 1320 tur
145 1278 315 1321 dicendi
330 1294 457 1322 causa
473 1270 707 1336 προγραφὴ,
723 1280 1000 1336 praescriptio
1015 1297 1026 1330 3
1048 1280 1269 1323 Posterius
1287 1270 1514 1336 ἐπιγραφὴ,
1535 1278 1656 1334 quasi

57 1351 358 1407 postscripti03
389 1352 584 1394 Medium
616 1369 717 1396 vero
748 1346 903 1410 γραφὴ,
938 1354 1112 1410 scriptio
1142 1354 1263 1410 ipsa3
1296 1353 1657 1410 quemadmodum

58 1416 278 1482 πρόλογος,
304 1417 446 1480 λόγος,
469 1419 678 1481 ἐπίλογος,
703 1429 792 1471 sive
808 1429 1059 1485 prooemium
1076 1435 1150 1471 aut
1168 1429 1403 1482 exordium,
1419 1427 1566 1481 oratio,
1584 1442 1659 1483 pe-

57 1501 215 1544 roratio
244 1501 289 1543 in
311 1503 572 1545 orationibus
593 1504 707 1560 apud
737 1511 938 1547 oratores.
1000 1504 1102 1548 Sive
1128 1504 1234 1558 istis,
1257 1504 1346 1546 sive
1368 1503 1459 1545 aliis
1485 1509 1658 1544 utamur

56 1575 311 1631 nominibus,
332 1592 400 1619 res
420 1577 513 1634 ipsa
532 1585 743 1632 teneatur,
761 1586 805 1621 et
827 1586 1018 1622 extrema
1038 1585 1136 1622 cum
1156 1579 1321 1630 mediis,
1340 1585 1383 1621 et
1401 1577 1543 1620 media
1558 1592 1657 1619 oum

57 1651 258 1694 extremis
279 1651 425 1694 vincta
444 1652 558 1695 inter
577 1669 621 1696 se
644 1661 687 1696 et
709 1654 908 1710 colligata
938 1669 1029 1697 esse
1052 1654 1360 1710 intelligantur.
1422 1642 1655 1709 Πξογξαφῆ

57 1725 148 1768 sive
168 1727 444 1783 praescriptio
466 1727 630 1770 duabus
651 1735 820 1770 constat
840 1728 1045 1784 partibus,
1070 1728 1272 1770 nimirum
1292 1728 1444 1784 priore,
1467 1743 1552 1782 qua
1572 1727 1658 1783 sig-

57 1799 257 1844 nificatur
275 1801 401 1843 Pauli
420 1818 574 1844 munus
596 1809 640 1845 et
661 1802 846 1845 officium
867 1803 1147 1859 apostolicum
1168 1818 1270 1860 erga
1284 1803 1501 1845 Romanos
1518 1818 1529 1851 3
1560 1817 1657 1857 pos-

57 1874 227 1929 teriore,
259 1891 343 1931 qua
364 1876 658 1933 significantur
676 1876 802 1918 Pauli
823 1877 1026 1931 studium,
1055 1893 1104 1920 ac
1125 1877 1424 1920 benevolentia
1444 1892 1546 1933 erga
1570 1876 1658 1918 Ro-

58 1964 207 1993 manos
228 1951 484 2007 apostolica:
515 1952 570 1993 ad
597 1951 713 1994 illam
743 1959 940 2008 spectant
969 1953 1142 1994 nomina
1171 1952 1363 2008 pluribus
1393 1951 1658 2009 argumentis

57 2023 282 2079 illustrata,
316 2025 371 2067 ad
401 2026 511 2068 hanc
547 2018 735 2079 εὐλογία,
768 2027 908 2069 fausta
939 2027 1188 2084 imprecatio
1223 2027 1431 2070 bonorum
1467 2027 1657 2087 omnium

59 2099 343 2156 spiritualium
364 2117 389 2143 a
408 2101 505 2144 Deo
526 2101 658 2145 Patre
678 2102 723 2144 in
745 2101 919 2146 Christo
939 2102 1040 2156 filio,
1064 2102 1148 2160 [et]
1171 2094 1399 2159 εὒχαξιςία,
1421 2102 1656 2159 gratiarum

59 2174 184 2229 actio,
213 2190 298 2231 qua
318 2175 372 2218 ob
392 2176 493 2219 fidei
513 2177 805 2219 Romanorum
825 2176 1118 2220 celebritatem
1138 2177 1260 2220 Deus
1280 2179 1326 2220 in
1348 2177 1535 2231 Christo,
1556 2175 1658 2219 fidei

59 2256 196 2304 autor,
218 2250 481 2293 celebratur:
513 2266 622 2307 quae
643 2251 872 2294 celebratio
887 2252 1093 2308 probatur
1113 2252 1256 2295 studio
1272 2251 1471 2309 augendi,
1494 2258 1538 2293 et
1558 2266 1659 2293 con-

58 2324 257 2368 firmandi
282 2325 412 2369 fidem
438 2326 743 2369 Romanorum.
803 2326 866 2369 Et
889 2326 970 2369 hoc
998 2327 1189 2369 studium
1208 2326 1397 2370 astudio
1424 2325 1659 2369 communi-

60 2399 187 2442 candi
203 2399 445 2456 Spiritualis
466 2401 580 2455 boni,
603 2408 648 2444 et
667 2401 749 2444 hoc
764 2416 932 2444 rursum
953 2401 1143 2444 studium
1164 2416 1190 2443 a
1209 2400 1428 2458 proposito
1449 2407 1494 2443 et
1514 2399 1658 2443 studio

59 2473 274 2517 invisendi
293 2474 522 2519 Romanos.
581 2475 644 2518 Et
672 2475 754 2519 hoc
785 2476 956 2519 demum
987 2475 1131 2519 studio
1160 2475 1376 2518 facultatis
1407 2490 1483 2518 seu
1506 2475 1658 2518 veniae

60 2547 268 2591 divinitus
288 2550 597 2604 concedendae,
629 2557 674 2594 et
693 2549 789 2593 viae
815 2549 1092 2607 prosperioris
1113 2565 1168 2594 ex
1186 2549 1272 2594 Dei
1292 2549 1528 2604 voluntate,
1549 2565 1660 2606 quae

55 2623 147 2666 duo
178 2638 354 2680 precum
380 2624 630 2668 assiduitate
660 2625 941 2679 illustrantur,
975 2631 1105 2682 atque
1128 2625 1234 2668 haec
1258 2625 1435 2668 tandem
1461 2624 1660 2681 religiosa

58 2693 388 2752 asseveratione,
410 2704 454 2741 et
468 2698 746 2755 jurisjurandi
762 2699 990 2743 sanctitate
1005 2716 1016 2742 z
1047 2699 1176 2743 Vnde
1197 2715 1222 2742 a
1236 2700 1373 2756 primo
1389 2700 1444 2742 ad
1458 2700 1658 2742 ultimum

62 2771 206 2829 colligi
224 2769 382 2828 Potest,
412 2772 536 2816 valde
564 2773 715 2817 laetari
739 2772 956 2831 apostolus
985 2775 1040 2818 de
1070 2775 1184 2818 felici
1203 2775 1494 2829 Romanorum
1515 2780 1633 2817 statu
1641 2789 1658 2824 ⁴;

63 2847 145 2904 qui,
159 2862 256 2890 eum
277 2852 367 2889 tam
383 2846 658 2890 vehementer
672 2849 818 2905 cupiat
837 2864 967 2906 opera
986 2865 1064 2892 sua
1078 2856 1266 2904 auctum,
1289 2856 1333 2892 et
1348 2848 1658 2902 confirmatum,

62 2922 194 2978 idque
214 2936 268 2965 ex
288 2910 441 2964 officio.
814 2981 839 3021 2

861 2992 891 3021 B
