1887 3188
205 209 283 250 502
852 219 1228 260 COMMENTARIUS,

207 322 251 364 in
266 322 361 364 fide.
407 322 475 363 Ex
495 321 573 364 hac
594 322 869 379 ambiguitate
884 323 933 365 fit
946 330 994 365 ut
1015 322 1271 365 distrahatur
1286 321 1354 364 hic
1373 321 1488 364 locus
1504 321 1557 363 ab
1572 321 1774 376 interpre-

209 397 322 439 tibus
350 396 394 438 in
419 397 605 439 diversas
637 398 879 451 sententias,
901 398 1001 439 dum
1029 398 1099 439 alii
1125 398 1180 439 ad
1205 397 1320 453 prius
1350 396 1597 450 membrum,
1627 395 1698 438 alii
1721 395 1776 436 ad

209 470 417 527 posterius
444 470 643 513 referunt.
701 471 797 528 Ego
824 472 985 514 interea
1005 463 1141 524 ἐπέχω
1163 478 1205 514 et
1225 471 1402 528 amplius
1429 470 1667 527 pronuntio,
1689 484 1775 512 ver.

214 548 252 600 5,
274 546 452 588 alterum
479 546 714 602 exemplum
739 546 884 603 legalis
914 546 1177 600 discriminis,
1208 546 1363 602 quippe
1393 546 1581 588 delectus
1601 545 1777 588 dierum.

211 621 409 663 Infirmus
438 621 631 664 Judaeus
661 621 857 663 observat
886 627 1021 663 certos
1052 620 1141 663 dies
1170 621 1447 676 praescriptos
1476 621 1594 677 lege3
1634 620 1778 661 firmus

213 711 313 739 vero
333 711 386 738 ex
408 695 620 738 Gentibus
649 710 735 737 non
766 695 974 748 observat,
1005 702 1054 736 ut
1084 695 1156 751 qui
1176 695 1338 737 nullum
1368 701 1527 737 statuat
1557 694 1602 736 in
1631 693 1779 737 diebus

215 770 450 813 discrimen.
511 769 748 813 Observare
769 776 834 812 est
853 769 1094 826 religiosum
1115 770 1281 812 ducere.
1337 769 1567 826 Subjungit
1586 783 1782 825 praecep—

216 852 309 888 tum
329 844 453 887 officii
473 845 527 886 ad
546 851 773 900 utrumque
794 851 1012 900 spectans;
1043 851 1092 886 ut
1112 845 1289 900 quisque
1310 844 1364 886 sit
1379 844 1501 900 plene
1522 844 1575 886 de
1596 859 1671 886 sua
1691 858 1784 885 sen·

216 919 352 962 tentia
375 935 609 976 persuasus,
638 919 704 962 i.e.
725 926 775 961 ut
795 919 937 961 firmus
969 935 1020 962 ex
1042 919 1276 976 Evangelio
1296 919 1490 962 notitiam
1519 918 1784 962 Christianae

217 994 425 1037 libertatis
445 1010 529 1050 qua
559 994 770 1037 sublatum
799 994 919 1037 novit
939 994 1101 1037 dierum
1131 994 1366 1048 discrimen,
1392 1001 1507 1037 certa
1535 994 1619 1036 fide
1639 1008 1786 1050 appre-

220 1070 391 1123 hendat,
412 1085 465 1112 ne
486 1069 654 1112 vacillet
684 1069 773 1124 ejus
803 1069 1071 1111 conscientia.
1132 1069 1218 1112 Sed
1247 1069 1456 1125 quomodo
1485 1068 1614 1112 tribui
1642 1073 1784 1124 potest

223 1135 470 1201 ·πληξοφοξῖα
500 1144 711 1201 ignoranti
738 1144 978 1187 libertatem
1000 1143 1296 1188 Christianam.
1354 1144 1496 1201 Resp„
1529 1144 1576 1188 Si
1600 1145 1654 1186 ad
1673 1143 1786 1185 infir-

222 1236 339 1262 mum
354 1235 521 1276 quoque
536 1219 616 1262 11οο
632 1225 806 1275 spectat,
822 1219 998 1274 jubetur
1012 1219 1136 1276 legali
1151 1226 1375 1276 praecepto
1390 1219 1527 1273 inniti,
1541 1220 1655 1275 quod
1669 1218 1790 1261 novit

221 1295 307 1338 Dei
325 1294 499 1338 verbum
522 1309 623 1348 esse,
654 1309 791 1350 neque
812 1294 1034 1350 quicquam
1056 1301 1202 1337 contra
1221 1295 1300 1337 hoc
1320 1301 1591 1350 praeceptum
1610 1293 1695 1336 Dei
1714 1294 1791 1336 du-

223 1370 387 1413 bitante
407 1370 662 1413 conscientia
688 1369 875 1426 aggredi,
896 1369 1102 1425 tantisper
1126 1370 1227 1412 dum
1248 1369 1327 1412 erit
1347 1370 1469 1426 plene
1495 1385 1716 1426 persuasus
1736 1369 1791 1412 de

225 1445 553 1488 ceremoniarum
573 1444 874 1500 antiquatione.
936 1444 1021 1487 Sed
1050 1444 1183 1500 regeri
1204 1451 1358 1500 potest,
1383 1434 1660 1500 praeceptum
1673 1443 1793 1487 abro-
1872 1484 1877 1488 .

226 1526 373 1577 gatum
393 1520 551 1562 nullam
580 1519 757 1575 amplius
779 1519 863 1561 vim
893 1519 1021 1561 habet
1041 1519 1267 1575 obligandi,
1296 1534 1375 1562 neo
1394 1534 1470 1575 pro
1490 1519 1575 1562 Dei
1594 1519 1793 1562 mandato

226 1594 479 1637 habendum.
538 1594 766 1650 Respond.,
798 1593 844 1637 Si
866 1600 1080 1650 spectetur
1098 1594 1142 1635 in
1163 1609 1207 1636 se
1226 1602 1509 1650 praeceptum,
1539 1609 1687 1637 verum
1716 1601 1794 1648 est,

228 1669 438 1712 neminem
469 1684 518 1712 eo
547 1669 695 1722 teneri,
725 1684 872 1711 verum
901 1668 937 1710 si
964 1675 1179 1724 spectetur
1206 1668 1360 1711 infirmi
1389 1669 1657 1723 conscientia,
1688 1685 1797 1726 quae

230 1759 367 1801 neque
387 1743 547 1786 malitia
565 1758 702 1799 neque
723 1743 1019 1800 superstitione
1043 1743 1294 1800 implicatur,
1315 1744 1390 1787 sed
1418 1744 1633 1801 praecepti
1650 1744 1797 1802 legalis

232 1818 487 1864 conscientia
517 1818 697 1872 ducitur,
718 1818 925 1874 tantisper
944 1818 1045 1860 dum
1065 1834 1110 1861 se
1129 1818 1297 1875 ignorat
1324 1818 1403 1861 hac
1422 1818 1508 1876 legi
1527 1819 1723 1874 solutum,
1743 1819 1799 1862 ad

235 1895 325 1950 ejus
356 1893 665 1937 observantiam
695 1899 893 1936 tenetur:
933 1893 1089 1949 alioqui
1127 1901 1275 1950 peccat
1306 1900 1453 1937 contra
1485 1893 1797 1938 conscientiam.

237 1969 439 2026 Sequitur
458 1974 753 2025 argumentum
773 1984 798 2010 a
816 1967 912 2021 fine,
934 1983 1060 2023 quem
1088 1975 1267 2025 uterque
1295 1968 1492 2025 proponit
1511 1969 1591 2011 sibi
1610 1968 1799 2012 infirmus

234 2045 280 2087 in
299 2043 560 2087 observando
580 2043 704 2096 diem,
720 2043 864 2085 firmus
883 2042 928 2084 in
947 2043 1224 2100 negligendo:
1246 2043 1442 2086 nimirum
1457 2044 1589 2101 gloria
1608 2044 1709 2096 Dei3
1729 2044 1800 2088 hic

237 2119 397 2162 utendo
424 2118 621 2161 libertate
649 2133 726 2174 per
752 2117 970 2160 Christum
1001 2125 1121 2174 parta
1151 2133 1204 2161 ex
1228 2118 1329 2161 fidei
1355 2118 1548 2170 scientia3
1583 2118 1653 2162 ille
1671 2118 1802 2162 ritum

237 2193 416 2252 legalem
444 2191 717 2246 observando,
739 2207 791 2234 ex
811 2191 946 2234 divini
970 2192 1188 2248 praecepti
1207 2192 1474 2247 conscientia,
1503 2208 1589 2236 non
1609 2193 1698 2237 sine
1718 2193 1802 2236 fide

238 2268 381 2312 Deum
399 2266 649 2325 glorificans.
707 2265 837 2309 Hunc
865 2265 994 2309 finem
1012 2266 1195 2309 illustrat
1223 2267 1454 2311 remotione
1473 2267 1672 2311 contrarii
1693 2267 1802 2323 finis,

240 2343 316 2387 sed
333 2342 378 2386 in
397 2357 576 2400 genere3
596 2348 646 2384 ut
665 2348 709 2384 et
728 2341 1013 2398 assumptione
1028 2341 1118 2385 veri
1136 2341 1244 2396 finis,
1265 2348 1354 2385 tam
1367 2342 1494 2396 vitae,
1510 2357 1636 2398 quam
1655 2342 1804 2386 mortis

240 2424 422 2462 nostrae.
465 2416 510 2460 Is
529 2423 673 2459 autem
692 2422 769 2470 est,
789 2416 924 2473 gloria
936 2416 1022 2458 Dei
1040 2415 1085 2458 in
1101 2415 1285 2470 Christo,
1302 2416 1420 2471 cujus
1439 2431 1516 2459 nos
1536 2417 1646 2460 servi
1661 2433 1804 2461 sumus

240 2491 444 2536 beneficio
466 2491 626 2545 mortis,
656 2497 701 2534 et
728 2490 1044 2534 resurrectionis
1071 2490 1214 2547 ipsius,
1243 2497 1294 2533 ut
1321 2490 1392 2533 ille
1419 2498 1564 2535 noster
1581 2491 1805 2548 Dominus,

240 2567 312 2611 cui
329 2566 597 2610 serviendum
617 2573 682 2609 est
700 2565 835 2609 nobis.
875 2565 1190 2622 Argumentum
1210 2571 1351 2608 autem
1371 2580 1397 2607 a
1414 2580 1570 2623 genere
1590 2573 1805 2624 sumptum

241 2648 320 2697 est,
349 2640 442 2684 Nos
470 2640 627 2696 ubique
658 2646 702 2683 et
733 2655 898 2696 semper
921 2639 1082 2684 Christi
1112 2639 1223 2683 servi
1253 2654 1409 2695 sumus,
1439 2647 1484 2684 et
1512 2641 1602 2697 ejus
1629 2641 1807 2698 gloriam

243 2722 433 2774 spectare
458 2714 659 2758 debemus
671 2730 683 2765 3
714 2729 814 2771 ergo
844 2715 933 2758 sive
962 2715 1075 2758 diem
1100 2713 1382 2769 observemus,
1414 2714 1503 2758 sive
1530 2715 1805 2773 negligamus,

245 2790 331 2835 Dei
360 2789 537 2848 gloriam
561 2789 607 2831 in
637 2788 808 2833 Christo
837 2795 1027 2846 spectare
1055 2788 1270 2832 debemus.
1342 2789 1568 2833 Notandus
1596 2790 1666 2834 hic
1690 2790 1807 2834 locus

244 2873 392 2910 contra
419 2865 635 2923 profanam
663 2864 968 2923 philosophiam
988 2864 1231 2908 Aristotelis
1261 2865 1314 2909 de
1342 2865 1555 2920 felicitate,
1585 2872 1630 2910 et
1657 2865 1807 2910 ultimo
