1887 3188
698 285 800 315 CAP.
823 287 926 315 v111.
949 277 1065 316 4-11.
1599 277 1682 317 469

85 404 189 446 dum
224 405 433 462 Spiritum
473 405 690 458 incedunt,
731 411 832 446 sunt
873 407 1106 447 secundum
1136 407 1343 462 Spiritum
1385 407 1453 449 vel
1493 414 1594 449 sunt
1634 407 1678 447 in

87 478 264 535 Spiritu,
299 479 432 535 (quod
462 478 576 520 idem
604 477 703 533 est,)
735 478 802 520 i.e.
833 478 1085 534 Spirituales
1117 487 1160 522 et
1196 481 1462 534 sanctificati,
1492 481 1552 521 illi
1580 481 1677 523 Deo

83 552 267 608 placent.
329 553 441 595 Sunt
462 567 563 608 ergo
585 559 706 594 extra
727 568 851 595 omne
878 553 1114 609 periculum
1146 555 1525 597 condemnationis.
1585 555 1677 597 Vos

82 633 227 669 autem
248 626 349 669 estis
370 626 415 668 in
432 626 597 682 Spiritu
617 627 717 682 quia
734 627 918 683 Spiritus
934 627 1020 670 Dei
1034 628 1201 670 habitat
1217 628 1262 669 in
1277 628 1411 681 vobis,
1432 636 1482 670 ut
1499 636 1676 684 apparet

81 717 135 745 ex
148 701 323 755 effectis,
338 717 439 758 ergo
456 717 531 744 vos
552 702 728 758 placetis
744 702 854 745 Deo.
908 696 982 741 Οἳ
1004 694 1044 742 δὲ
1066 696 1102 742 ἐν
1123 694 1247 758 σαρκὶ
1269 694 1408 755 ὄντες]
1452 702 1676 758 Propriam

81 776 435 833 significationem
456 776 688 832 particulae
711 767 751 815 δὲ
772 777 948 831 retineo,
970 792 1108 833 neque
1129 793 1228 820 cum
1248 778 1340 819 aliis
1361 783 1495 831 verto,
1517 777 1675 833 igitur3

82 851 158 893 sed
178 851 232 892 de
252 850 332 893 hoc
354 850 677 906 dispiciendum.
737 850 911 893 Habere
941 851 1148 907 Spiritum
1171 851 1334 895 Christi
1354 852 1536 894 incolam
1552 852 1678 894 docet

82 940 108 967 a
120 925 529 975 contradicentibus3
553 924 642 978 Qui
654 940 740 968 non
754 925 884 968 habet
899 924 1061 969 Christi
1076 925 1297 982 Spiritum,
1320 942 1404 969 non
1419 934 1484 969 est
1501 925 1677 980 Christi,

80 999 163 1053 i.e.,
193 999 475 1042 Christianus.
534 1000 666 1042 Initio
699 1000 866 1042 dixerat
897 1016 974 1043 nos
1006 1000 1051 1042 in
1086 1000 1258 1044 Christo
1292 1016 1396 1055 esse,
1429 1016 1543 1043 nunc
1575 1016 1678 1043 vero

83 1074 201 1127 dicit,
225 1073 445 1117 Christ-um
466 1074 511 1115 in
531 1074 666 1128 nobis,
689 1090 867 1129 quorum
893 1075 1020 1130 hujus
1052 1075 1158 1117 illud
1191 1091 1319 1118 causa
1350 1075 1523 1118 videtur
1558 1091 1677 1118 esse:

81 1148 199 1204 prius
230 1148 344 1190 enim
363 1164 536 1191 necesse
558 1156 623 1191 est
643 1164 720 1191 nos
740 1149 803 1190 illi
832 1149 953 1202 uniri,
979 1156 1030 1191 ut
1049 1149 1094 1190 in
1114 1150 1185 1192 illo
1207 1150 1350 1203 simus,
1374 1165 1500 1205 quam
1522 1150 1612 1206 ipse
1633 1150 1679 1191 in

82 1223 204 1265 nobis
225 1223 294 1276 sit,
316 1238 392 1279 per
411 1239 535 1265 suum
558 1223 764 1279 Spiritum
793 1239 869 1266 nos
904 1223 1156 1280 Spirituales
1190 1224 1403 1274 efficiens3
1436 1239 1680 1280 quanquam

82 1297 188 1340 haec
209 1298 294 1340 duo
315 1304 506 1354 tempore
527 1298 755 1353 conjuncta
775 1306 888 1352 sunt,
923 1305 966 1340 et
986 1298 1151 1341 ratione
1183 1305 1367 1353 tantum,
1402 1314 1536 1354 eaque
1568 1299 1679 1341 forte

82 1372 208 1414 nimis
230 1372 388 1426 subtili,
411 1373 743 1429 distinguantur.
806 1373 909 1415 Ver.
933 1376 971 1415 9.
1031 1373 1192 1429 Incipit
1214 1373 1452 1416 doctrinam
1472 1373 1678 1416 Romanis

83 1447 415 1500 accommodare,
445 1454 488 1489 et
511 1462 564 1489 ex
585 1462 634 1489 eo
656 1448 770 1502 quod
793 1447 991 1490 Christus
1015 1463 1092 1503 per
1111 1448 1244 1503 ipsius
1267 1447 1476 1504 Spiritum
1496 1448 1678 1490 incolam

84 1528 129 1564 et
148 1521 364 1564 vivificum
385 1521 430 1562 in
450 1521 552 1577 ipsis
575 1528 652 1575 est,
675 1521 850 1577 colligit,
876 1537 960 1563 ver.
985 1523 1051 1575 10,
1078 1521 1263 1564 animam
1288 1522 1379 1577 jam
1402 1521 1678 1578 Spiritualem

83 1611 187 1649 esse,
221 1595 379 1652 quippe
411 1596 557 1638 divino
591 1596 756 1652 Spiritu
789 1596 1047 1638 vivificatam
1081 1603 1125 1639 et
1157 1597 1465 1639 sanctificatam
1480 1613 1492 1648 3
1524 1613 1677 1653 corpus

81 1685 184 1712 vero
215 1670 393 1712 mortale
424 1677 468 1712 et
498 1670 811 1723 moribundum,
843 1671 963 1725 quasi
987 1671 1076 1725 jam
1110 1678 1326 1713 mortuum
1357 1678 1496 1722 esset3
1528 1686 1678 1714 verum

80 1744 126 1786 in
155 1744 462 1786 resurrectione
487 1745 702 1799 justorum
731 1751 775 1786 et
795 1759 947 1800 corpus
975 1745 1115 1801 ipsum
1143 1746 1284 1788 denuo
1309 1745 1678 1797 resuscitandum3

83 1825 128 1861 et
156 1817 319 1862 Christi
347 1817 512 1874 Spiritu
541 1818 858 1872 vivificandum,
894 1826 944 1861 ut
973 1819 1113 1875 ipsum
1146 1835 1317 1875 quoque
1343 1820 1678 1877 incorruptibile,

84 1892 315 1949 Spirituale
337 1899 380 1935 et
400 1892 631 1949 gloriosum
652 1894 820 1946 evadat,
854 1909 943 1936 ver.
967 1896 1034 1948 11,
1058 1901 1101 1937 et
1125 1894 1223 1938 Cor.
1257 1911 1330 1937 xv.
1363 1911 1455 1952 cap.
1518 1895 1680 1939 Causas

82 1967 234 2017 affert3
266 1973 310 2009 et
331 1982 406 2009 cur
425 1974 642 2009 mortuum
671 1968 858 2024 corpus?
887 1968 1086 2011 nimirum
1108 1969 1162 2012 ob
1182 1976 1420 2025 peccatum,
1449 1971 1565 2027 quod
1594 1986 1682 2014 non

82 2042 166 2085 nisi
184 2048 322 2085 morte
343 2042 529 2098 corporis
550 2041 854 2098 extinguatur:
886 2049 931 2085 et
951 2058 1027 2085 cur
1052 2042 1252 2099 Spiritus,
1280 2044 1364 2098 i.e.,
1390 2044 1543 2099 anima,
1572 2060 1682 2100 quae

76 2117 168 2172 jam
188 2116 329 2172 caepit
351 2115 593 2172 Spiritualis
623 2131 727 2170 esse,
759 2117 815 2159 sit
836 2117 926 2159 vita
955 2117 1038 2160 h.e.
1065 2118 1284 2161 vivificata
1314 2126 1358 2162 et
1388 2119 1547 2174 vivida,
1573 2120 1680 2163 adeo

81 2198 132 2234 ut
152 2191 311 2234 nullam
332 2191 377 2232 in
397 2197 534 2233 morte
555 2206 730 2233 sensura
763 2191 819 2234 sit
851 2191 1187 2246 dissolutionem,
1221 2194 1297 2236 sed
1325 2193 1459 2236 libera
1491 2194 1678 2250 corporis

80 2265 262 2309 vinculis
283 2265 340 2308 sit
359 2265 527 2308 victura
546 2280 644 2307 cum
663 2265 795 2308 Deo?
825 2266 924 2321 quia
938 2267 1029 2321 jam
1049 2267 1244 2322 praedita
1264 2275 1330 2310 est
1344 2268 1516 2323 justitia
1545 2269 1676 2324 (quae

73 2340 245 2396 justitia
262 2340 469 2397 paulatim
489 2339 682 2396 augescit
711 2339 756 2380 in
787 2339 868 2383 hac
899 2340 1003 2394 vita,
1036 2341 1302 2397 separatione
1334 2342 1520 2398 corporis
1551 2342 1678 2398 perfi-

80 2413 251 2470 cietur)
273 2421 495 2457 aeternum
515 2413 682 2456 victura
701 2429 800 2456 cum
819 2413 916 2457 Deo
933 2431 943 2456 :
975 2430 1051 2458 cur
1082 2415 1185 2458 item
1218 2431 1372 2472 corpus
1391 2417 1437 2458 in
1458 2416 1592 2459 vitam
1611 2432 1678 2460 re-

82 2494 370 2532 surrecturum
401 2495 445 2531 et
477 2488 708 2545 Spirituale
732 2488 957 2531 futurum?
987 2489 1087 2544 quia
1111 2489 1278 2546 Spiritu
1303 2490 1390 2533 Dei
1414 2490 1570 2545 Patris,
1602 2491 1677 2548 qui

81 2569 128 2606 et
146 2562 249 2605 Filii
270 2561 447 2618 Spiritu,
468 2563 543 2619 qui
557 2563 719 2605 virtute
740 2579 817 2606 sua
835 2578 988 2620 corpus
1006 2563 1170 2607 Christi
1189 2564 1342 2621 capitis
1361 2565 1497 2608 nostri
1517 2565 1677 2610 excita-

81 2637 148 2690 vit
162 2652 188 2679 a
202 2635 394 2690 mortuis,
415 2643 460 2679 et
478 2652 655 2694 corpora
670 2653 839 2694 quoque
858 2644 1016 2692 nostra,
1038 2638 1113 2694 qui
1134 2637 1297 2682 Christi
1311 2639 1502 2683 membra
1517 2655 1676 2695 sumus,

83 2718 151 2755 est
183 2711 230 2753 in
263 2709 398 2753 vitam
430 2718 719 2766 revocaturus,
753 2712 954 2755 nimirum
987 2711 1121 2755 Pater
1153 2713 1200 2755 in
1233 2710 1350 2757 Filio'
1381 2729 1458 2770 per
1493 2715 1677 2758 eundem

85 2785 294 2842 Spiritum
308 2784 352 2826 in
363 2783 486 2828 nobis
501 2784 826 2830 inhabitantem.
886 2786 977 2830 Cur
991 2787 1126 2844 igitur
1138 2788 1209 2831 vel
1222 2803 1337 2832 mors
1351 2788 1676 2843 reformidanda,

82 2859 156 2905 vel
169 2874 297 2902 causa
310 2859 460 2902 mortis
473 2858 637 2915 reliqua
649 2860 861 2905 vitiositas
880 2861 926 2904 in
946 2868 1146 2919 corrupta
1164 2869 1318 2906 natura
1331 2869 1684 2920 regeneratorum

84 2949 163 2977 nos
182 2933 238 2976 ad
258 2933 606 2990 desperationem
616 2933 764 2991 adigat
778 2936 799 2977 Ρ
827 2950 925 2979 eum
955 2943 1094 2980 morte
1121 2937 1308 2994 corporis
1339 2937 1445 2981 haec
1465 2937 1521 2981 sit
1541 2937 1684 2986 extin-
