1887 3188
647 241 695 269 IN
716 241 937 270 FERMIUM
960 240 1201 270 EPICEDIA.

404 467 596 512 LESSUS
622 467 679 509 IN
704 466 915 509 FUNERE
942 464 1133 509 CAROLI
1160 464 1408 506 FERMAEI.

347 585 443 632 Quis
462 584 557 621 mihi
576 583 762 621 amaroris
782 583 908 620 tristes
928 582 1143 632 porrexerit
1162 581 1296 627 undas,

349 655 469 704 Queis
488 661 605 704 caput
623 655 791 704 explere,
813 660 852 691 et
870 659 1044 691 rorantes
1063 652 1220 689 luminis
1240 653 1352 689 orbes

347 726 476 776 Larga
495 726 645 774 liquare
664 738 805 774 queam
825 730 925 762 totos
944 725 984 760 in
1004 724 1165 760 fiumina
1184 723 1403 771 aquarum?

347 797 513 834 Lumine
533 802 612 834 tam
633 796 736 834 claro
756 808 844 834 cum
863 795 1041 833 Ecclesia
1059 806 1167 832 cassa
1186 798 1390 842 gemescat,

349 869 539 906 Fermaeo
559 873 682 905 morte
702 867 873 904 extincto
890 879 899 903 τ
930 878 1046 914 quem
1065 870 1219 914 pectore
1238 864 1342 901 lethe

348 939 470 976 Nulla
488 951 574 976 meo
595 938 722 975 delere
741 943 869 986 queat,
890 949 962 974 nec
981 934 1283 985 iniqua‘voraeis

348 1006 552 1059 Temporis
571 1009 718 1046 invidia
736 1009 823 1046 imis
842 1008 1056 1056 exstirpare
1084 1006 1272 1044 medullis.

351 1081 506 1130 Quippe
526 1081 651 1117 virum
672 1080 838 1129 gelidam
857 1085 982 1116 tractu
1003 1078 1043 1114 in
1062 1078 1210 1115 telluris
1230 1078 1279 1114 ad
1298 1082 1442 1121 arcton,

352 1152 440 1199 Qua
459 1152 598 1189 colitur
618 1150 795 1188 Christus
812 1149 1004 1186 Dominus
1023 1149 1159 1186 tellure
1177 1147 1379 1193 Britanna,

351 1223 432 1260 Vix
459 1223 579 1259 alium
598 1221 774 1259 invenias
794 1220 955 1269 parilem
975 1220 1130 1269 pietate,
1147 1219 1302 1266 Deique

351 1294 454 1339 Zelo,
475 1305 552 1341 quo
572 1298 673 1329 totus
692 1292 924 1341 flagraverat
942 1291 1115 1336 entheus‚
1136 1290 1239 1327 alma

353 1365 482 1413 Quum
503 1364 626 1413 pietas
645 1363 865 1412 probitasve
885 1361 996 1399 malis
1015 1361 1157 1398 afflicta
1175 1360 1379 1409 gemebat3

354 1436 432 1484 Qui
451 1436 570 1473 verbo
590 1440 628 1472 et
647 1435 728 1472 vita
747 1433 870 1471 solum
890 1432 1062 1482 spirabat
1080 1431 1222 1468 Iesum.

408 1506 513 1555 Quid
531 1517 743 1543 memorem
762 1505 937 1554 ingentes
957 1503 1138 1540 animos?
1169 1501 1263 1550 quid
1283 1501 1347 1538 dia
1365 1499 1502 1538 feracis

353 1577 507 1627 Ingenii
527 1581 778 1613 monumenta
797 1575 964 1613 canam?2
995 1574 1135 1623 quibus
1154 1573 1312 1610 aethera
1331 1572 1467 1620 pennis

353 1648 450 1686 Alta
468 1654 614 1697 petens,
635 1647 772 1696 apinas
791 1645 926 1682 mundi
945 1645 1021 1682 alte
1048 1643 1305 1693 despiciebat:

354 1719 418 1766 Et,
441 1718 587 1758 Christi
605 1718 646 1754 in
667 1729 794 1763 causa,
816 1716 998 1764 cuiquam
1017 1715 1267 1752 succumbere
1287 1725 1427 1751 causae
1490 1727 1501 1747 ιι

353 1791 438 1827 Aut
456 1789 604 1826 homini
623 1787 809 1833 indocilis,
830 1786 963 1823 fidenti
983 1791 1136 1834 pectore
1157 1785 1290 1822 adibat

354 1861 408 1898 Et
427 1860 657 1910 patiebatur,
678 1870 779 1907 quae
798 1857 974 1894 homines
994 1855 1216 1893 discrimina
1235 1855 1399 1903 quibant

355 1924 440 1969 Aut
459 1931 596 1968 dextra
614 1929 767 1975 inferre,
789 1933 857 1966 aut
875 1927 1005 1965 animo
1023 1927 1214 1964 intentare
1233 1924 1378 1963 feroces
1395 1939 1404 1962 ι

354 2002 460 2040 Nam
475 2001 690 2038 Dominum
711 2000 815 2037 vitae
834 2004 874 2036 et
891 1998 1026 2035 mortis
1045 1997 1226 2046 cognovit
1245 1996 1417 2042 desum‚*

356 2073 410 2110 Et
429 2072 627 2111 Christum
646 2072 687 2107 in
707 2076 829 2107 morte
849 2075 887 2107 et
906 2069 987 2106 vita
1005 2069 1156 2106 lucrum
1175 2079 1257 2105 esse
1277 2066 1432 2113 sciebat,

358 2144 580 2192 Omniaque
599 2142 640 2178 in
659 2141 805 2179 mundo
820 2139 1049 2189 compendia
1068 2144 1237 2176 stercora
1255 2138 1378 2175 duxit.

411 2214 472 2251 Tu
493 2218 640 2262 quanta
659 2212 802 2250 virtute
821 2211 997 2248 homines
1016 2210 1067 2248 ad
1086 2209 1231 2248 caelica
1244 2221 1365 2258 regna

358 2284 530 2323 Duxeris
549 2296 570 2322 e
589 2283 770 2329 tenebris,
791 2287 934 2320 norunt
952 2281 1061 2330 queis
1080 2281 1234 2318 conscia
1252 2292 1361 2317 mens
1380 2286 1449 2325 est,

359 2356 487 2404 Quam
506 2361 560 2402 tu,
582 2354 714 2392 divino
733 2353 883 2391 afflatus
901 2351 1108 2402 spiramine
1128 2356 1309 2396 mentem,

360 2427 520 2466 Summa
538 2438 648 2464 sacra
667 2425 744 2462 Dei
763 2423 933 2474 panxisti
952 2423 1080 2461 oracla
1099 2427 1286 2471 potenter,

360 2498 450 2538 Sive
469 2497 645 2535 homines
665 2495 779 2534 corde
798 2495 919 2533 elatos
937 2494 999 2531 Tu
1017 2493 1179 2531 fulmine
1197 2491 1312 2541 Legis

359 2567 508 2617 Dejicis
526 2568 566 2604 in
585 2555 833 2612 Barafflrum,
854 2565 1010 2603 terroris
1030 2565 1127 2602 dura
1145 2562 1294 2612 sagittis

365 2640 532 2678 Pectora
551 2639 758 2687 configens,
780 2649 847 2674 seu
868 2635 968 2673 tristi
988 2634 1159 2684 pondere
1177 2645 1329 2683 pressas

362 2710 521 2748 Peccati
540 2720 692 2746 recreas
711 2707 834 2746 Verbi
855 2706 1041 2744 solamine
1060 2710 1220 2743 mentes.

415 2781 523 2818 Tene
543 2780 661 2829 igitur
680 2778 791 2816 siccis
812 2777 932 2816 oculis
951 2775 1171 2813 meminisse
1190 2774 1332 2820 licebit,

810 2906 825 2921 *
842 2898 923 2940 [Qu.
939 2897 1050 2930 Iesum
1068 2896 1101 2938 Ρ]

1668 230 1720 269 27
