1887 3188
202 256 285 296 460
810 262 1190 302 COMMENTARIUS,

206 383 312 424 solvi
332 380 427 437 lege
449 378 648 435 conjugii,
670 393 748 420 nec
769 378 823 419 ad
845 377 1028 419 officium
1049 374 1270 431 conjugale
1291 372 1590 429 praestandum
1613 371 1792 427 amplius

205 456 366 505 teneri3
390 457 415 497 3
437 453 583 510 primis
604 451 808 495 versibus.
869 451 985 492 Hinc
1006 450 1147 502 infert,
1173 465 1249 491 nos
1269 449 1364 504 lege
1384 446 1551 503 peccati
1571 446 1744 498 solutos,
1765 446 1792 486 4

205 546 307 584 ver„
316 528 510 585 justitiae
524 527 665 569 studio
679 525 869 582 obligari.
919 525 1056 566 Deest
1070 523 1314 578 assumptio,
1329 522 1504 564 alteram
1517 527 1683 577 partem
1696 534 1796 562 con-

202 604 313 661 jugii
327 602 552 659 superioris
573 607 784 642 mortuam
801 615 903 651 esse,
919 599 1027 640 adde
1042 598 1182 649 etiam,
1196 612 1273 639 nos
1287 596 1439 638 marito
1451 611 1563 638 novo
1576 595 1795 650 copulatos

208 695 312 723 esse.
362 678 564 719 Perstans
578 676 622 716 in
636 674 911 716 similitudine
929 673 1020 726 conj
1029 672 1127 727 ugii,
1145 671 1255 712 bona
1271 685 1397 725 opera
1410 675 1626 724 comparat
1638 668 1794 720 liberis,

208 770 313 811 quos
330 759 501 796 sanctae
514 751 662 792 literae
676 755 830 791 vocant
847 748 1009 789 fructus
1026 746 1199 798 ventris,
1213 745 1312 787 hinc
1326 744 1397 785 illa
1411 735 1792 798 καξποφοξῆσωμεν,

208 844 296 871 ver.
314 830 353 881 4,
375 820 699 882 καρποφορῆσαι,
721 838 809 865 ver.
833 825 871 865 5.
930 820 1103 863 Veteris
1125 826 1266 862 autem
1293 818 1479 874 conjugii
1510 824 1652 873 partes
1683 823 1796 869 sunt,

208 903 306 945 Lex
330 901 548 944 occasione
568 897 733 954 peccati
764 897 817 938 ad
838 896 997 938 bonum
1017 894 1225 947 inefficax,
1258 899 1301 935 et
1331 894 1385 934 ad
1414 892 1678 948 peccandum
1708 906 1798 933 cor-

208 983 378 1032 ruptam
412 981 601 1016 nostram
635 980 830 1014 nat-uram
865 970 1035 1012 irritans
1060 985 1070 1019 3
1113 969 1237 1011 Uxor
1268 974 1412 1010 autem
1443 982 1532 1020 nos,
1568 972 1618 1008 ut
1654 980 1798 1008 sumus

209 1058 362 1093 natura
378 1048 578 1104 corrupti.
629 1046 833 1099 Alterius,
851 1045 1007 1101 quippe
1023 1044 1124 1086 novi
1140 1042 1325 1098 conjugii
1341 1048 1496 1098 partes,
1513 1039 1798 1096 Evangelium

210 1125 372 1183 gratiae
409 1124 498 1166 sive
534 1121 718 1178 Spiritus
753 1119 1084 1177 regenerationis
1102 1135 1112 1168 3
1154 1118 1278 1159 Uxor
1310 1132 1409 1159 vero
1441 1131 1531 1168 nos,
1566 1115 1799 1157 secundum

210 1201 321 1243 vires
343 1213 487 1241 omnes
518 1196 703 1252 corporis
725 1202 768 1237 et
790 1194 931 1247 animi,
963 1200 1173 1248 quatenus
1194 1208 1219 1233 a
1238 1197 1414 1247 peccato
1443 1190 1611 1232 liberati
1641 1205 1799 1231 sumus.

209 1273 359 1316 Liberi
380 1288 433 1315 ex
448 1271 586 1328 priore
607 1269 818 1325 conjugio,
839 1268 950 1309 mala
971 1283 1109 1323 opera,
1131 1266 1211 1319 i.e.,
1234 1265 1434 1321 cogitata,
1456 1264 1584 1317 dicta,
1605 1263 1718 1306 facta
1737 1262 1801 1304 in-

204 1350 324 1404 justa
345 1354 388 1390 et
408 1346 609 1402 profana:
640 1344 711 1385 Ex
732 1359 843 1385 novo
864 1342 1062 1398 conjugio
1082 1341 1217 1394 liberi,
1248 1340 1360 1382 bona
1390 1354 1529 1395 opera,
1561 1338 1642 1391 i.e.,
1672 1337 1797 1390 facta,

210 1423 338 1476 dicta,
356 1420 544 1477 cogitata
559 1426 647 1461 tam
662 1418 792 1473 justa,
810 1432 938 1472 quam
954 1422 1113 1458 sancta.
1175 1415 1325 1457 Soluto
1338 1414 1471 1469 igitur
1487 1412 1685 1469 conjugio
1700 1426 1798 1454 cum

209 1498 305 1554 lege
327 1503 370 1539 et
390 1500 578 1551 peccato,
600 1508 685 1535 non
707 1499 772 1534 est
793 1491 971 1547 amplius
997 1490 1137 1531 danda
1157 1504 1284 1544 opera
1303 1488 1446 1530 liberis
1468 1504 1521 1530 ex
1540 1487 1679 1543 priore
1700 1502 1799 1529 con-

207 1571 342 1628 jugio,
356 1571 423 1612 i.e.
439 1568 625 1625 peccatis
641 1566 894 1623 generandis
909 1581 919 1614 3
953 1571 995 1606 et
1012 1564 1111 1619 quia
1125 1578 1268 1605 sumus
1282 1562 1405 1604 alteri
1424 1561 1577 1604 marito
1594 1577 1646 1604 ex
1661 1561 1801 1618 gratia

214 1652 258 1689 et
288 1643 526 1699 Evangelio
558 1640 754 1684 secundis
785 1639 945 1695 nuptiis
976 1637 1206 1692 conjuncti,
1235 1637 1376 1679 danda
1396 1652 1522 1692 opera
1558 1642 1623 1678 est
1657 1635 1800 1678 liberis

214 1736 267 1763 ex
286 1717 509 1776 posteriori
529 1717 723 1772 conjuge,
754 1715 835 1768 i.e.,
857 1713 978 1756 bonis
1009 1712 1206 1768 operibus
1236 1710 1566 1768 progenerandis
1586 1710 1672 1752 imo
1702 1710 1802 1765 quia

213 1794 329 1851 prius
365 1792 610 1848 conjugium
645 1796 790 1832 nostra
825 1804 952 1844 opera
987 1787 1129 1830 sobole
1162 1801 1386 1828 numerosa
1421 1801 1554 1841 eaque
1586 1783 1804 1829 mortifera

213 1869 338 1912 valde
359 1867 614 1910 saecundum
635 1864 730 1917 fuit,
747 1864 843 1905 ideo
865 1879 918 1905 ex
937 1861 1161 1918 posteriori
1191 1860 1390 1917 conjugio
1421 1860 1585 1902 soboles
1616 1860 1803 1902 curanda

214 1950 258 1986 et
278 1940 564 1998 propaganda,
595 1954 682 1982 ver.
707 1940 730 1981 5
753 1944 797 1980 et
832 1939 870 1980 6.
932 1936 1061 1994 Quod
1094 1935 1267 1991 quidam
1287 1941 1442 1991 putent
1473 1925 1533 1973 τοὶ
1560 1926 1802 1989 παθῆματα

215 2014 292 2056 τῶν
314 2009 527 2072 ἁμαρτιῶν
551 2014 596 2056 in
616 2012 746 2069 priori
767 2011 979 2067 conjugio,
1010 2009 1153 2052 mariti
1172 2010 1312 2052 locum
1343 2025 1562 2066 occupare,
1583 2009 1629 2051 id
1650 2010 1802 2052 durum

214 2091 398 2144 videtur,
430 2089 544 2145 quod
565 2079 806 2142 παθήματα
838 2084 1030 2141 patiendi
1061 2083 1216 2140 potius,
1250 2099 1378 2139 quam
1409 2083 1564 2140 agendi
1595 2083 1805 2140 significa-

216 2164 378 2207 tionem
396 2162 595 2215 habeant,
618 2169 662 2203 et
683 2160 860 2202 verbum
882 2152 1070 2215 ἓνεςγεῖτο
1092 2157 1380 2210 consimiliter,
1405 2157 1487 2200 nisi
1507 2163 1709 2213 tanquam
1731 2157 1805 2202 de-

216 2252 391 2295 ponens,
413 2242 488 2279 aut
509 2235 695 2278 medium
715 2234 892 2276 verbum
922 2233 1166 2289 accipiatur,
1198 2239 1327 2287 atque
1347 2232 1409 2274 ita
1428 2238 1656 2286 vertamus,
1687 2231 1806 2288 vige-

218 2313 335 2366 bant,
356 2326 442 2354 non
463 2309 770 2353 exercebantur
785 2308 1023 2361 efficaciter,
1045 2313 1095 2349 ut
1111 2307 1336 2363 aliquando
1352 2305 1609 2362 putavimus.
1668 2306 1808 2349 Mem-

221 2387 297 2429 bra
315 2392 461 2428 nostra
475 2399 552 2440 pro
568 2398 699 2429 uxore
714 2389 934 2439 ponuntur
952 2382 996 2423 in
1017 2381 1156 2438 priore
1177 2380 1387 2437 conjugio,
1409 2380 1474 2422 his.
1495 2380 1648 2434 verbis,
1671 2373 1708 2420 ἓν
1722 2377 1808 2426 τοῖς

222 2451 384 2515 μελέων
427 2452 536 2514 ἡμῶν
555 2475 564 2500 :
605 2457 703 2500 ideo
733 2449 976 2511 παθῆματα
1007 2452 1084 2495 τῶν
1109 2447 1340 2511 ἁμαρτιῶν,
1376 2452 1497 2508 quasi
1534 2461 1808 2508 peccatorum

223 2534 421 2576 libidines
440 2532 582 2574 mariti
598 2532 712 2575 vices
727 2547 875 2588 gerere
892 2531 1118 2574 videantur
1134 2546 1145 2580 ;
1167 2536 1211 2571 et
1231 2528 1336 2570 illud
1357 2518 1423 2567 ὅτε
1436 2518 1534 2582 ἦμεν
1550 2521 1586 2567 ἓν
1600 2523 1656 2585 τῇ
1670 2519 1807 2585 σαρκὶ,

223 2613 393 2663 tempus
409 2615 453 2649 et
469 2612 628 2648 statum
649 2605 835 2662 conjugii
853 2605 1003 2662 prioris
1020 2603 1231 2660 exprimit,
1248 2608 1297 2644 ut
1313 2609 1357 2644 et
1372 2602 1477 2644 illud
1497 2598 1811 2660 καρποφορῆσαι

223 2682 452 2726 liberorum
465 2680 812 2736 procreationem,
827 2687 870 2723 et
883 2674 942 2735 τῷ
956 2671 1120 2718 emir&
1133 2692 1277 2720 eorum
1292 2676 1592 2731 conditionem,
1607 2678 1675 2720 vel
1688 2678 1814 2722 effec-

227 2763 321 2800 tum
350 2754 505 2812 potius,
531 2760 660 2809 atque
680 2753 785 2796 haec
807 2755 854 2796 5⁰
875 2769 987 2803 ver-3
1021 2755 1067 2795 60
1087 2766 1189 2793 vero
1210 2750 1395 2793 solutum
1415 2750 1532 2807 prius
1552 2751 1810 2808 conjugium,

229 2829 346 2886 quod
364 2843 462 2873 cum
480 2827 576 2885 lege
596 2833 862 2871 contractum
882 2826 976 2880 fuit,
998 2825 1151 2875 docet3
1182 2825 1310 2881 idque
1330 2831 1498 2868 mortua
1517 2825 1626 2882 lege,
1656 2825 1737 2879 i.e.,
1767 2825 1813 2869 vi

229 2903 336 2961 legis
356 2902 550 2946 irritante
580 2900 892 2958 corruptionem
922 2906 1122 2953 nostram,
1145 2914 1252 2955 quae
1282 2915 1359 2943 nos
1390 2899 1470 2943 sibi
1500 2899 1720 2943 devinctos
1741 2900 1814 2943 de-
