1887 3188
169 223 253 264 394
824 234 1004 264 cAr‘rrIs
1027 234 1163 263 PRnn

224 352 279 394 V.
314 353 380 396 15.
413 345 582 392 “va.
654 353 757 395 Non
790 360 878 395 tam
910 354 1190 397 conclusionis
1225 369 1353 409 quam
1389 353 1677 396 similitudinis
1711 353 1757 394 in

164 426 341 482 apodosi
369 433 484 480 nota,
516 427 636 470 cuius
663 427 889 470 relativum
910 424 1047 474 καθῶς
1074 428 1119 470 in
1146 427 1317 484 probasi
1343 427 1643 484 praetermisit,
1673 427 1756 469 for-

167 507 281 543 tasse
300 507 475 556 propter
495 501 832 558 ambiguitatem,
855 517 909 545 ne
931 503 1092 546 scilicet
1107 502 1325 545 videretur
1345 509 1576 546 extenuare
1596 516 1757 545 nexum

167 575 276 619 aeris
306 575 446 629 alieni,
478 590 562 630 quo
594 591 638 618 se
669 575 905 631 obligatum
934 576 1118 632 intelligi
1148 576 1284 618 voluit
1313 576 1522 627 maxime3
1559 576 1628 619 vel
1657 574 1758 631 quia

164 657 365 706 posuerat
394 650 438 691 in
470 650 683 705 superiore
715 651 928 693 sententia
957 646 1108 699 καθῶς,
1146 651 1236 693 sine
1268 666 1318 693 eo
1349 651 1462 706 quod
1495 666 1549 694 ex
1579 651 1757 693 adverso

163 724 393 778 respondet
409 723 621 766 redditivo
639 714 771 772 Suro&
794 724 923 779 idque
939 724 1162 767 brevitatis
1183 739 1322 777 causa,
1345 724 1582 766 cuiusmodi
1597 724 1758 766 multae

165 797 332 852 ellipses
362 797 519 852 passim
550 805 778 840 occurrunt
808 798 852 839 in
882 798 1151 851 Hebraismo,
1183 805 1276 840 tum
1307 798 1419 851 alibi,
1455 805 1548 840 tum
1578 797 1623 839 in
1653 797 1759 840 Pro-

165 871 320 913 verbiis
352 870 604 925 Solomonis,
640 872 889 927 praesertim
921 873 995 915 ubi
1026 872 1178 915 similia
1208 879 1282 915 aut
1313 871 1532 915 dissimilia
1567 878 1642 914 aut
1674 871 1760 914 dis-

165 951 370 987 sentanea
388 944 502 987 inter
522 961 566 988 se
587 946 875 988 conferuntur.

224 1019 354 1061 Nunc
376 1034 477 1062 vero
508 1026 558 1061 ut
587 1026 681 1062 tota
710 1020 836 1075 hujus
857 1021 1054 1076 Epistola
1083 1019 1359 1077 praescriptio
1387 1019 1443 1062 sit
1469 1019 1684 1074 illustrior,
1714 1020 1760 1061 in

167 1109 331 1137 summa
351 1095 586 1136 tenendum
608 1094 771 1137 duabus
794 1110 888 1137 eam
907 1095 1100 1150 partibus
1122 1095 1343 1147 contineri,
1365 1095 1541 1136 alteram
1561 1094 1606 1135 in
1625 1093 1761 1136 nomi-

166 1168 291 1210 nibus
311 1167 436 1210 Pauli
458 1175 501 1210 et
523 1168 825 1222 Romanorum,
858 1176 902 1211 et
929 1169 973 1210 in
1002 1170 1233 1212 eorundem
1252 1169 1535 1211 illustratione
1562 1168 1758 1224 positam,

165 1242 220 1284 ad
241 1241 427 1284 muneris
447 1241 688 1298 Apostolici
709 1243 964 1300 dignitatem
986 1244 1378 1296 commendandam,
1405 1249 1448 1286 et
1469 1243 1759 1286 Romanorum

165 1316 477 1372 impetrandam
497 1317 865 1371 auscultationem,
888 1333 963 1360 sex
982 1318 1128 1373 primis
1150 1317 1355 1371 versibus,
1383 1324 1426 1359 et
1447 1317 1617 1373 septimi
1637 1323 1759 1372 parte

166 1390 305 1447 priore
323 1407 333 1432 z
355 1390 550 1432 Alteram
564 1406 665 1433 vero
681 1391 844 1446 reliqua
860 1392 1029 1447 septimi
1046 1399 1166 1447 parte
1183 1399 1227 1434 et
1244 1391 1395 1434 ceteris
1413 1391 1688 1446 sequentibus
1704 1391 1759 1433 ad

166 1480 207 1508 v.
232 1466 298 1518 16,
321 1456 511 1506 studium
532 1471 575 1507 et
596 1465 938 1508 benevolentiam
968 1466 1092 1508 Pauli
1118 1482 1219 1522 erga
1240 1466 1454 1509 Romanos
1475 1466 1519 1507 in
1540 1454 1758 1522 fimgendo

165 1553 341 1581 munere
371 1539 623 1594 Apostolico
655 1539 860 1582 Romanis
896 1541 1206 1583 commendare.
1265 1540 1339 1582 Ad
1375 1540 1558 1596 priorem
1593 1546 1760 1595 spectat

165 1613 301 1668 primo
323 1612 434 1655 servi
462 1628 617 1655 nomen
638 1614 694 1655 ad
715 1612 935 1657 Christum
955 1614 1190 1656 Dominum
1215 1614 1464 1656 relationem
1484 1614 1658 1668 habens,
1689 1614 1759 1657 oui

166 1687 296 1730 verbo
311 1686 457 1730 subest
472 1686 541 1729 hic
557 1687 676 1730 notio
690 1687 919 1743 spiritualis
933 1695 977 1730 et
989 1688 1184 1744 publicae
1205 1688 1437 1742 servitutis,
1460 1688 1758 1744 quaePaulum

166 1760 336 1803 differre
357 1760 460 1803 facit
479 1776 565 1803 non
586 1761 722 1804 solum
743 1777 768 1803 a
786 1762 1051 1818 Magistratu
1070 1762 1197 1816 civili,
1224 1756 1298 1818 qui
1317 1762 1404 1805 Dei
1424 1777 1570 1805 servus
1589 1762 1759 1819 proprie

166 1834 302 1891 magis
323 1850 452 1890 quam
482 1834 646 1878 Christi
673 1835 842 1890 dicitur,
874 1851 1023 1878 verum
1044 1836 1172 1879 etiam
1198 1837 1251 1878 ab
1272 1836 1364 1878 aliis
1386 1835 1654 1890 Christianis,
1685 1836 1760 1891 qui

165 1923 261 1952 cum
279 1908 436 1965 privati
449 1908 548 1963 sint,
565 1909 774 1953 immunes
791 1917 892 1953 sunt
907 1910 960 1952 ab
977 1911 1092 1953 omni
1103 1911 1274 1967 publico
1289 1911 1334 1952 in
1349 1911 1544 1954 Ecclesia
1555 1926 1756 1954 munere:

165 1982 315 2034 Nihilo
329 1982 465 2025 secius
481 1983 717 2026 communis
733 1984 802 2026 hic
814 1984 951 2027 honor
959 1984 1098 2028 Paulo
1111 2000 1207 2028 cum
1221 1985 1417 2028 omnibus
1433 1984 1525 2027 aliis
1539 1984 1758 2041 public-um

91 2107 93 2109 ι
165 2057 211 2099 in
239 2056 435 2099 Ecclesia
466 2072 621 2109 munus
653 2058 916 2114 gerentibus.
976 2058 1089 2102 Cum
1119 2059 1246 2102 titulo
1273 2059 1504 2102 honorifico
1535 2059 1759 2114 subjicitur

165 2131 352 2175 secundo
372 2131 466 2174 loco
493 2131 686 2187 specialis
707 2132 762 2173 ad
782 2131 1087 2188 Apostolatum
1107 2133 1288 2187 vocatio,
1320 2148 1508 2176 summus
1535 2132 1615 2175 sub
1635 2132 1758 2189 Rege

166 2204 341 2249 Christo
360 2205 406 2247 in
425 2204 621 2248 Ecclesia
649 2205 796 2259 honos,
828 2207 882 2247 ad
913 2221 1040 2261 quem
1070 2207 1275 2250 honorem
1297 2206 1406 2262 (Act
1424 2206 1503 2262 ix.)
1532 2222 1558 2248 a
1583 2205 1757 2250 Christo

164 2286 365 2324 vocatum
387 2295 441 2322 ex
462 2278 626 2323 Christi
646 2279 787 2323 verbis
808 2286 990 2323 constat.
1049 2280 1197 2323 Tertio
1216 2280 1323 2334 loco,
1345 2285 1564 2335 separatus
1585 2280 1756 2335 dicitur,

165 2361 338 2398 auctore
375 2353 541 2410 Spiritu
571 2353 745 2408 Sancto,
780 2369 858 2410 per
891 2353 1211 2397 Antiochenum
1240 2353 1561 2409 Presbyterium
1596 2353 1757 2398 Paulus

167 2428 238 2484 (ut
258 2443 338 2485 ego
357 2428 617 2484 interpretor
635 2427 750 2471 hunc
764 2427 925 2484 locum)
947 2428 1004 2470 ad
1022 2427 1308 2484 Evangelium
1322 2427 1436 2470 inter
1451 2427 1618 2471 Gentes
1637 2443 1758 2484 prae-

164 2502 408 2555 dicandum,
432 2501 554 2557 (Act.
570 2501 680 2557 xiii.)
702 2502 758 2544 ad
777 2502 892 2558 quod
914 2517 1020 2558 opus
1038 2501 1245 2544 divinitus
1263 2508 1390 2544 antea
1408 2511 1606 2544 vocatum
1627 2509 1758 2546 testa-

164 2581 237 2618 tur
256 2575 473 2617 oraculum
494 2575 681 2630 Spiritus
703 2575 852 2621 Sancti
875 2575 1047 2618 ibidem.
1104 2574 1200 2617 Nec
1221 2575 1401 2618 excludo
1421 2565 1648 2633 ἁφορισμδν
1665 2566 1756 2622 ἀπὸ

165 2645 241 2697 τῆς
263 2641 444 2696 κοιλίας,
470 2648 589 2704 (Gal.
610 2649 675 2705 i.)‚
697 2665 752 2692 ex
770 2656 945 2692 aeterno
965 2649 1051 2691 Dei
1070 2649 1256 2702 decreto,
1277 2649 1376 2692 vide
1395 2649 1430 2692 J
1432 2665 1490 2692 er.
1510 2649 1539 2691 i.
1590 2648 1758 2702 Quarto

163 2723 258 2767 loco
292 2729 360 2766 est
389 2722 688 2779 Evangelium,
723 2722 769 2764 in
799 2737 884 2778 quo
917 2722 1239 2779 promulgando,
1275 2723 1402 2778 hujus
1434 2723 1546 2766 servi
1579 2722 1754 2778 Christi,

165 2797 389 2842 vocatione
420 2795 633 2853 Apostoli,
659 2803 704 2838 et
731 2810 756 2838 a
784 2795 949 2852 Spiritu
981 2795 1139 2839 Sancto
1168 2797 1396 2853 praecipue
1427 2811 1525 2840 cum
1556 2783 1755 2840 Bar-naba

165 2871 218 2914 ab
244 2871 336 2915 aliis
363 2870 583 2928 Apostolis
613 2869 809 2927 separati,
841 2877 885 2913 et
907 2870 965 2920 ,ad
985 2877 1138 2927 gentes
1167 2870 1297 2926 missi,
1319 2878 1386 2916 est
1406 2871 1541 2916 omnis
1576 2885 1756 2928 occupa-
1823 2867 1828 2876 '
