1887 3188
800 215 902 244 C-AP.
928 216 957 243 1.
983 204 1067 245 1-7.
1649 207 1732 247 409

133 325 289 389 σάξκά,
318 341 360 376 ct
383 326 610 390 ὁρισθέντος
633 325 754 373 κατὰ
779 330 946 389 πνεῦμα
969 335 994 374 ί.
1013 350 1044 376 e.
1067 334 1179 376 facto
1196 335 1337 388 quoad
1358 335 1586 377 humanam
1608 344 1732 377 natu-

133 421 237 460 ram,
259 407 472 450 declarato
494 407 635 462 quoad
656 407 859 449 divinam.
919 407 1068 448 Unum
1089 407 1223 463 igitur
1238 407 1306 449 hic
1328 409 1602 464 praecipuum
1624 409 1733 451 divi-

133 481 282 524 nitatis
298 489 613 538 argumentum,
631 483 886 525 resurrectio
903 497 927 524 a
942 482 1135 535 mortuis,
1154 475 1195 529 ἐξ
1218 474 1485 528 ἀναστάσεως
1510 483 1620 538 (sub.
1642 473 1732 522 ἀπό

133 552 306 611 maffia)
322 571 431 612 quae
447 556 701 600 resurrectio
715 556 930 612 specimen
944 555 1312 599 evidentissimum
1329 555 1499 598 divinae
1511 556 1731 611 potentiae

131 636 177 672 et
197 638 498 687 argumentum
528 631 656 687 longe
686 631 1024 674 efficacissimum
1048 630 1143 684 fuit,
1176 645 1260 686 quo
1289 645 1390 672 usus
1422 636 1487 672 est
1508 629 1665 672 Petrus
1687 636 1732 672 et

128 702 290 747 Paulus
306 704 409 748 Act.
430 705 474 747 ii.
496 713 540 748 et
560 706 650 749 xiii.
712 705 759 749 Si
780 705 1012 748 resurrexit
1033 721 1058 747 a
1078 704 1270 758 mortuis,
1293 712 1409 747 certe
1432 711 1474 747 et
1496 704 1623 747 morti
1645 711 1731 746 tra-

128 778 245 822 ditus
274 779 357 822 fuit
377 787 553 836 propter
572 788 748 836 peccata
777 788 936 834 nostra,
960 787 1003 822 et
1032 780 1219 823 excitato
1241 795 1266 822 a
1286 786 1423 822 morte
1445 780 1500 821 ad
1520 779 1731 835 justifica-

128 853 289 896 tionem
305 854 438 897 nostri
456 855 581 897 Rom.
598 855 654 898 iv.
671 870 759 898 ver.
775 855 940 906 ultimo,
958 871 1068 910 quae
1085 855 1169 897 duo
1191 870 1356 897 summa
1377 862 1477 897 sunt
1498 870 1547 898 ac
1568 854 1729 910 praeci-

125 943 212 984 pua
231 929 460 986 Evangelii
481 930 635 986 capita,
657 931 772 973 unde
802 930 989 972 maxima
1009 930 1064 972 ad
1093 945 1170 972 nos
1192 930 1277 972 duo
1298 929 1505 972 beneficia
1531 929 1727 983 redeunt,

125 1003 312 1060 expiatio
342 1012 615 1060 peccatorum
651 1011 695 1048 et
731 1005 1024 1059 sanctificatio,
1055 1005 1161 1047 haec
1192 1020 1217 1046 a
1246 1004 1569 1057 resurrectione,
1600 1003 1673 1046 illa
1703 1019 1729 1046 a

125 1085 262 1122 morte
293 1080 551 1135 dependens,
576 1087 623 1122 ut
653 1087 804 1136 postea
824 1080 1004 1123 dicetur.
1064 1079 1214 1135 Atque
1245 1079 1307 1121 ita
1327 1079 1413 1121 Dei
1434 1078 1571 1120 Filius
1599 1093 1726 1121 verus

125 1153 265 1207 homo,
280 1169 491 1210 verusque
501 1155 634 1208 Deus,
649 1154 878 1211 Evangelii
891 1154 1132 1210 subjectum
1145 1153 1413 1207 describitur,
1429 1154 1473 1194 in
1488 1169 1572 1209 quo
1581 1153 1728 1195 Evan-

122 1228 236 1285 gelio
266 1229 602 1272 administrando
629 1237 823 1272 versatur
843 1230 1072 1285 apostolus,
1095 1229 1216 1284 cujus
1248 1229 1511 1284 apostolatus
1533 1234 1726 1270 autorem

123 1303 317 1360 agnoscit
354 1303 575 1347 Christum
610 1304 672 1346 ita
707 1304 981 1360 descriptum,
1022 1304 1184 1360 Ephes.
1220 1303 1277 1346 iv.
1315 1305 1380 1356 11,
1423 1318 1550 1358 quem
1585 1302 1727 1358 Apos-

122 1378 304 1420 tolatum
325 1379 508 1435 gratiam
529 1385 669 1433 vocat,
691 1379 813 1434 quasi
833 1379 1071 1434 gratuitum
1092 1378 1179 1420 Dei
1200 1379 1372 1428 donum,
1397 1385 1441 1420 et
1471 1377 1726 1420 beneficium

120 1453 254 1510 gratis
270 1453 315 1495 in
331 1469 376 1495 se
392 1453 607 1496 collatum.
669 1453 902 1508 objectum
924 1468 1024 1496 vero
1040 1452 1323 1509 Apostolatus
1340 1452 1406 1494 sui
1424 1451 1590 1496 Gentes
1605 1467 1726 1494 nom-

119 1527 271 1570 inatim
287 1528 509 1584 expressit,
528 1528 675 1570 addita
691 1534 795 1570 nota
810 1528 1039 1570 universali
1057 1527 1234 1581 Omnes,
1256 1534 1305 1569 ut
1322 1527 1423 1569 alibi
1439 1542 1484 1570 se
1505 1528 1724 1570 doctorem

117 1602 314 1658 gentium
334 1609 461 1645 vocat
477 1619 488 1653 3
520 1618 622 1658 ergo
644 1602 773 1645 etiam
794 1602 1100 1644 Romanorum.
1159 1601 1281 1643 Finis
1302 1608 1447 1644 autem
1469 1608 1513 1644 et
1534 1617 1636 1644 usus
1657 1607 1723 1644 est

118 1676 363 1719 obedientia
377 1676 490 1730 fidei,
513 1692 622 1732 quae
639 1685 704 1719 est
721 1677 920 1720 effectum
936 1676 1178 1733 Evangelii,
1196 1692 1237 1732 q.
1255 1677 1296 1718 d.
1313 1683 1362 1718 ut
1378 1676 1554 1731 quaevis
1569 1682 1722 1732 gentes

117 1751 309 1805 credant,
350 1757 395 1793 et
435 1751 637 1794 obediant
676 1751 930 1808 Evangelio.
1018 1751 1107 1794 Hic
1147 1758 1291 1794 autem
1332 1751 1613 1807 Apostolatus
1655 1757 1722 1794 est

117 1841 284 1868 summa
310 1826 510 1882 dignitas,
542 1833 592 1869 ut
622 1842 731 1882 quae
752 1826 808 1869 sit
827 1826 987 1883 legatio
1007 1841 1083 1882 pro
1106 1825 1270 1869 Christi
1299 1826 1484 1879 nomine,
1514 1825 1577 1869 ita
1607 1827 1721 1868 enim

117 1900 331 1957 conjungo
358 1892 596 1948 ἀποστολὴν
628 1893 728 1958 ὑπὲρ
757 1898 835 1941 τοῦ
864 1892 1067 1957 ὀνόματος
1097 1893 1247 1948 ἑαυτοῦ,
1281 1901 1341 1944 sic
1373 1903 1398 1942 2
1430 1900 1530 1944 Cor.
1557 1917 1613 1956 v.,
1641 1916 1719 1958 pro

117 1973 293 2018 Christo
308 1975 522 2032 legatione
537 1976 768 2033 fungimur,
784 1976 860 2019 ubi
875 1983 919 2019 et
935 1991 1125 2019 summus
1140 1976 1237 2019 finis
1258 1975 1500 2033 attingitur,
1516 1976 1719 2019 nimirum

115 2049 252 2106 gloria
277 2049 363 2093 Dei
383 2050 427 2092 in
451 2049 624 2094 Christo
645 2066 699 2094 ex
718 2050 909 2108 gratuita
939 2051 1076 2094 salute
1107 2051 1352 2105 electorum,
1384 2066 1494 2106 quae
1524 2050 1719 2106 sequitur

115 2124 403 2167 obedientiam
439 2124 564 2175 fidei3
600 2125 697 2168 finis
732 2125 838 2168 item
868 2125 1170 2168 subordinatus
1206 2131 1251 2168 et
1282 2125 1423 2168 minus
1458 2125 1717 2181 principalis.

114 2199 308 2242 Verbum
339 2192 549 2256 ἐλάβομεν
583 2200 757 2243 videtur
786 2200 945 2257 opponi
973 2199 1473 2256 Pseudo-Apostolorum
1503 2199 1717 2243 violentae

113 2273 341 2330 irruptioni
352 2274 398 2316 in
411 2274 645 2328 ecclesiam,
661 2281 704 2318 et
717 2274 983 2331 usurpationi
991 2274 1081 2317 sine
1088 2274 1208 2329 justa
1219 2274 1458 2317 vocatione.
1498 2274 1715 2317 Romanos

113 2348 261 2392 fideles
281 2363 336 2392 ex
354 2349 550 2406 gentium
569 2364 747 2392 numero
769 2364 873 2403 esse,
895 2355 940 2392 et
960 2349 1016 2391 ad
1036 2364 1160 2392 suum
1179 2348 1486 2405 Apostolatum
1499 2347 1716 2404 pertinere

114 2423 254 2477 docet,
269 2423 385 2466 unde
401 2424 594 2480 sequitur
609 2431 654 2468 et
669 2440 715 2468 se
731 2439 785 2467 ex
800 2423 927 2467 officii
942 2422 1197 2467 necessitate
1213 2422 1397 2466 scribere
1412 2422 1469 2465 ad
1483 2422 1714 2476 Romanos,

115 2503 160 2540 et
179 2496 274 2540 illos
293 2497 350 2540 ad
368 2498 631 2542 audientiam
647 2505 691 2542 et
706 2498 991 2542 attentionem
1006 2497 1234 2541 obstrictos
1250 2512 1355 2551 esse,
1372 2512 1482 2553 quae
1497 2496 1714 2540 conclusio

116 2571 356 2615 subticetur
370 2578 416 2615 et
430 2587 515 2629 quo
527 2580 694 2630 spectat
710 2580 804 2617 tota
818 2571 1110 2630 praescriptio.
1157 2571 1308 2628 Atque
1323 2571 1429 2615 haec
1450 2572 1504 2614 de
1519 2571 1714 2628 subjecto

113 2644 242 2703 ,primi
262 2645 475 2689 enuntiati
493 2647 640 2691 multis
659 2647 923 2705 argumentis
938 2647 1151 2690 illustrato
1170 2647 1227 2689 ad
1243 2645 1541 2704 Apostolicam
1556 2645 1716 2689 autori-

116 2727 253 2764 tatem
272 2719 581 2764 illustrandam.
639 2721 916 2765 Attributum
936 2720 1142 2778 sequitur,
1163 2721 1370 2764 Romanis
1384 2720 1581 2764 fidelibus
1599 2719 1713 2776 (sub.

116 2793 299 2850 scribit,)
327 2809 434 2850 quos
455 2794 658 2838 describit
677 2810 704 2838 a
721 2796 915 2852 subjecto
934 2796 1042 2851 loco,
1063 2803 1108 2840 et
1128 2795 1295 2839 duobus
1322 2794 1564 2851 adjunctis3
1593 2794 1713 2838 locus

115 2868 187 2912 hic
208 2874 303 2919 est3
334 2867 530 2912 omnibus
550 2868 626 2925 qui
645 2869 748 2913 estis
768 2870 945 2925 Romae,
965 2870 1122 2927 quibus
1141 2869 1284 2914 verbis
1313 2885 1401 2913 non
1429 2869 1567 2913 solum
1595 2868 1714 2913 cives
