1887 3188
195 262 277 304 478
854 274 1235 317 COMMENTARIUS,

192 391 368 435 alterius
387 398 564 435 naturae
586 399 652 435 est
681 393 801 436 Deus
830 395 1136 450 praedicandus
1167 395 1213 437 in
1243 394 1422 437 saecula.
1480 392 1780 437 Manifestissi-

193 482 309 509 mum
331 468 568 512 divinitatis
591 469 752 512 Christi
771 470 1074 524 testimonium,
1098 473 1135 513 6.
1153 487 1193 513 v.
1248 462 1368 522 Oz'lx’
1392 460 1468 508 Οἷον
1493 460 1565 516 δὲ]
1618 468 1780 511 Occur-

191 541 248 584 rit
269 542 424 585 tacitae
447 543 686 598 objectioni,
716 559 823 599 quae
855 544 989 586 oritur
1021 560 1074 586 ex
1102 544 1174 585 illa
1205 544 1491 599 propositione
1522 543 1575 584 de
1595 541 1628 584 J
1631 540 1777 583 udaeis

191 615 444 670 rejiciendis,
467 633 594 672 quam
619 618 850 659 insinuavit
878 617 1043 673 ingenti
1064 633 1139 659 suo
1163 633 1239 672 pro
1268 618 1349 659 illis
1371 617 1526 658 dolore.
1588 615 1636 659 Si
1655 615 1776 656 Deus

191 689 386 744 rejiceret
407 691 440 732 J
442 691 611 744 udaeos,
638 692 717 733 sibi
747 707 832 732 non
863 698 1088 744 constaret,
1112 698 1154 732 et
1175 691 1355 746 plurima
1375 691 1461 733 Dei
1481 690 1648 732 oracula
1672 689 1776 731 falsa

192 770 347 817 essent,
384 766 498 819 quod
533 765 624 806 fieri
658 765 773 806 nullo
806 766 932 807 modo
972 771 1126 820 potest,
1163 771 1212 806 ut
1246 765 1336 819 ipse
1370 764 1498 806 etiam
1533 764 1774 818 respondet,

193 837 400 890 Quamvis
421 838 455 880 J
457 838 580 880 udaei
596 839 853 893 rejiciantur.
915 838 1097 881 Causam
1118 838 1259 880 reddit
1281 838 1552 880 distinctione
1574 837 1776 893 ambigui.

189 910 432 967 Distinguit
454 911 566 954 enim
592 912 820 965 Israelitas,
853 919 896 954 et
928 912 1163 954 Abrahami
1193 912 1301 954 filios
1334 912 1566 954 secundum
1601 911 1698 964 dici,
1732 917 1777 953 et

191 986 423 1027 secundum
446 1001 549 1039 esse,
571 993 620 1028 ut
640 987 840 1041 loquitur,
861 987 889 1027 i.
904 1002 939 1028 e.
962 986 1035 1041 qui
1059 987 1228 1028 nomine
1249 993 1417 1027 tantum
1448 992 1547 1027 sunt
1569 984 1776 1040 ejusmodi

188 1069 232 1102 et
253 1060 485 1101 secundum
506 1061 740 1102 naturalem
756 1061 1104 1116 propagationem
1120 1077 1128 1101 :
1152 1076 1248 1102 cum
1263 1060 1403 1102 verius
1419 1059 1552 1102 Israel
1568 1066 1611 1102 et
1626 1074 1776 1101 verum

188 1148 332 1175 semen
362 1133 562 1176 Abrahae
593 1134 648 1176 sit
679 1150 732 1176 ex
766 1135 1040 1190 promissione
1063 1141 1106 1176 et
1140 1135 1278 1190 gratia
1307 1134 1582 1176 metiendum.
1645 1132 1774 1186 Quod

186 1207 338 1262 probat
359 1207 498 1250 verbis
520 1208 819 1263 promissionis,
846 1209 998 1264 quibus
1031 1209 1172 1262 Sarae,
1194 1224 1280 1251 non
1308 1208 1478 1264 Agarae
1508 1208 1631 1261 filius,
1653 1207 1774 1250 Isaac

185 1296 271 1323 non
292 1281 459 1334 Ismael,
482 1297 736 1337 quamquam
757 1290 909 1325 natura
928 1284 1073 1338 major,
1098 1290 1140 1325 et
1161 1290 1260 1324 ante
1280 1283 1473 1324 Isaacum
1490 1281 1773 1335 circumcisus,

186 1369 262 1410 pro
292 1370 494 1411 germano
514 1355 714 1397 Abrahae
734 1356 820 1398 filio
842 1364 1088 1398 censeatur:
1120 1356 1173 1397 In
1205 1356 1326 1398 Isaac
1353 1355 1576 1398 vocabitur
1599 1355 1679 1397 tibi
1709 1370 1775 1398 se·-

186 1444 297 1471 men.
356 1428 555 1471 Alterum
577 1431 816 1485 exemplum
836 1431 1040 1472 illustrius
1068 1431 1219 1483 adhuc,
1250 1431 1352 1472 Non
1383 1430 1517 1472 solum
1546 1430 1592 1471 in
1624 1430 1773 1472 eadem
1809 1479 1813 1483 ⁵

185 1502 355 1556 familia,
378 1510 422 1545 et
443 1519 496 1545 ex
518 1504 665 1546 eodem
686 1511 819 1559 patre,
842 1505 916 1546 sed
945 1504 1072 1546 etiam
1104 1505 1252 1546 eadem
1281 1511 1416 1546 matre
1449 1504 1574 1545 simul
1606 1503 1774 1546 oriundi

184 1577 354 1633 gemelli
375 1584 532 1620 sortem
552 1578 676 1633 plane
698 1578 906 1620 diversam
924 1578 1156 1631 subierunt,
1171 1578 1245 1633 qui
1261 1578 1378 1619 Esau
1399 1584 1442 1619 et
1457 1577 1609 1630 Jacob,
1623 1577 1771 1620 Isaaco

184 1657 229 1693 et
250 1650 445 1693 Rebecca
465 1651 556 1693 nati
568 1668 579 1701 3
612 1667 791 1706 quorum
812 1659 918 1694 natu
938 1652 1074 1694 minor
1093 1652 1284 1694 Jacobus
1304 1651 1448 1694 Esavo
1479 1658 1618 1694 aetate
1646 1667 1772 1708 gran-

183 1724 304 1778 diori,
326 1725 394 1768 vel
414 1725 458 1766 in
490 1725 581 1780 ipso
602 1732 725 1768 utero
746 1733 975 1781 antequam
994 1726 1086 1768 nati
1117 1732 1271 1779 essent,
1294 1725 1452 1768 oraculi
1483 1725 1772 1781 praedictione

181 1799 394 1855 praelatus
415 1799 508 1852 fuit,
530 1815 616 1841 non
637 1815 691 1842 ex
710 1800 871 1842 meritis
890 1817 899 1841 ε
930 1800 1036 1841 nihil
1057 1800 1169 1842 enim
1190 1800 1290 1842 boni
1311 1806 1385 1841 aut
1414 1800 1515 1841 mali
1544 1799 1683 1842 adhuc
1711 1800 1774 1842 fe-

181 1880 340 1927 cerant,
362 1880 436 1916 aut
457 1873 594 1916 facere
614 1889 690 1929 per
710 1880 894 1916 aetatem
915 1881 1167 1929 potuerant3
1200 1875 1275 1916 sed
1296 1889 1349 1916 ex
1369 1874 1514 1916 divina
1533 1874 1770 1928 vocatione,

182 1953 311 2002 atque
342 1948 448 1989 adeo
469 1954 642 1990 aeterno
663 1947 748 1989 Dei
773 1948 959 2001 consilio,
982 1949 1097 2003 quod
1128 1948 1214 1991 Dei
1245 1948 1508 2004 propositum
1537 1948 1770 1990 secundum

182 2021 432 2077 electionem
454 2028 592 2075 vocat,
613 2022 727 2064 unde
747 2022 952 2078 pependit
977 2022 1158 2065 vocatio.
1216 2022 1270 2064 In
1291 2023 1460 2065 oraculo
1481 2022 1663 2065 servitus
1683 2037 1772 2064 man

177 2095 280 2150 joris
302 2095 383 2137 fuit
404 2096 631 2150 conjuncta
651 2111 748 2138 cum
770 2096 866 2138 odio
886 2096 984 2150 Dei,
1017 2103 1060 2138 et
1092 2096 1264 2139 minoris
1293 2097 1533 2139 dominatus
1555 2112 1608 2140 ex
1635 2096 1770 2140 divini

180 2169 334 2212 amoris
354 2169 399 2210 in
419 2169 632 2212 «Iacobum
652 2170 846 2212 ultronea
866 2170 1141 2225 promissione
1157 2170 1251 2221 fuit,
1270 2171 1385 2226 quod
1405 2171 1646 2213 ostenditur
1664 2170 1770 2214 Pro-

178 2242 335 2299 phetae
369 2243 607 2286 Malachiae
639 2243 792 2286 verbis.
854 2243 1058 2299 Sequitur
1090 2245 1324 2300 occupatio.
1383 2245 1616 2287 Videretur
1646 2244 1767 2286 Deus

178 2316 375 2371 injustus,
407 2317 443 2359 si
471 2317 588 2359 nulla
618 2317 840 2373 dignitatis
875 2324 950 2360 aut
981 2317 1250 2374 indignitatis
1280 2318 1456 2371 ratione,
1493 2318 1622 2359 alium
1654 2318 1764 2372 odio,

177 2391 308 2433 alium
328 2407 470 2434 amore
489 2388 797 2448 prosequatur:
827 2398 972 2448 posset
993 2392 1106 2434 enim
1127 2399 1170 2434 et
1201 2392 1352 2448 dignos
1382 2391 1533 2444 odisse,
1555 2397 1599 2434 et
1627 2391 1769 2448 indig-

177 2479 255 2507 nos
276 2465 466 2521 diligere.
525 2465 776 2521 Respondet
795 2466 1008 2521 sequelam
1028 2467 1238 2522 negando,
1255 2472 1299 2508 et
1314 2466 1546 2508 aversando
1562 2472 1766 2522 tanquam

125 2529 133 2537 χ
177 2537 509 2593 blasphemiam3
540 2539 855 2594 Etscripturae
876 2539 1105 2582 autoritate
1137 2554 1191 2582 ex
1218 2539 1342 2581 Mose
1371 2539 1593 2582 confirmat
1621 2540 1766 2585 Deum

176 2611 294 2657 nullo
329 2627 504 2667 operum
538 2613 827 2668 praevisorum
860 2619 1057 2669 respectu
1091 2613 1146 2655 ab
1179 2619 1352 2655 aeterno
1386 2627 1463 2669 pro
1497 2613 1764 2670 beneplacito

176 2685 410 2732 voluntatis
431 2700 531 2728 suae
557 2686 819 2740 justissimae
842 2686 982 2742 (cujus
1003 2686 1112 2729 ratio
1133 2693 1350 2742 utcunque
1370 2702 1447 2729 nos
1467 2687 1612 2741 lateat,
1643 2693 1769 2744 patet¹

175 2765 320 2804 tamen
339 2759 457 2812 Deo)
479 2759 582 2805 alios
603 2759 742 2814 saluti,
764 2760 867 2802 alios
881 2761 1000 2815 justo
1022 2760 1153 2803 exitio
1173 2761 1387 2803 destinare
1404 2778 1414 2803 ε
1437 2761 1576 2805 Saluti
1591 2761 1764 2817 quidem

175 2848 230 2875 ex
250 2833 549 2887 misericordia,
571 2849 698 2893 quam
719 2833 907 2888 adhibet,
929 2833 1015 2876 suis
1035 2834 1236 2891 gradibus
1256 2836 1536 2891 praestanda3
1572 2835 1652 2878 hoc
1683 2841 1762 2888 est,

175 2907 290 2962 quod
310 2907 371 2950 ait
391 2907 511 2950 Deus
531 2907 660 2962 Mosi,
680 2907 918 2951 Miserebor
941 2907 1230 2964 cujuscunque
1252 2909 1470 2963 voluerim,
1483 2949 1486 2952 ,
1498 2908 1764 2952 commisera-
