1887 3188
736 233 836 264 CAP.
859 234 962 264 xm.
989 223 1102 264 6-13.
1629 219 1713 261 499

121 357 290 401 credere
325 355 569 413 incepimus.
630 355 729 398 Diei
765 355 926 398 nomini
961 356 1132 398 videtur
1164 354 1398 411 significare
1431 367 1553 395 mane
1586 351 1703 404 illud,

120 433 240 488 cujus
260 431 431 485 mentio,
453 430 596 473 Psalm
626 430 742 485 xlix,
773 446 870 473 cum
890 430 950 486 pii
970 436 1240 486 resurgentes
1266 427 1597 471 dominabuntur
1625 426 1703 468 im-

118 507 199 564 piis
219 507 264 549 in
286 507 500 562 justorum
530 505 862 555 resurrectione3
893 505 1030 548 noctis
1062 511 1206 547 autem
1237 503 1408 546 nomine
1440 501 1702 558 significatur

117 581 222 625 haec
242 582 344 636 vita,
365 596 492 637 quam
524 581 626 623 dum
657 580 890 635 incolimus,
923 579 1068 622 multis
1097 577 1362 637 ignorantiae
1384 586 1428 620 et
1450 576 1702 619 calamitatis

117 657 304 700 tenebris
333 656 575 700 circumfusi
604 655 921 713 peregrinamur
945 671 970 698 a
989 654 1203 705 Domin03
1235 652 1382 696 salutis
1415 651 1585 694 nomine
1610 666 1701 694 cor-

118 747 269 789 porum
302 732 347 774 in
381 731 534 774 iHustri
569 731 758 774 adventu
793 730 954 774 Christi
988 729 1238 788 glorificatio
1274 735 1318 771 et
1357 727 1503 770 fruitio
1542 726 1701 784 gloriae

118 806 325 850 coelestis.
381 805 510 860 Quod
525 806 560 849 si
573 806 659 849 diei
669 805 795 861 hujus
807 805 1112 862 propinquitas,
1129 819 1350 862 progressa
1365 803 1546 845 multum
1560 809 1700 855 nocte,

118 881 316 939 Apostoli
336 889 476 924 aetate
497 881 817 938 expergefacere
837 880 997 934 debuit,
1019 881 1073 923 ad
1093 880 1256 924 cultum
1282 879 1368 922 luci
1397 883 1702 935 congruentem

116 957 391 1011 induendum,
404 956 515 999 illius
523 957 673 1000 aetatis
681 956 883 1010 homines,
898 963 1058 1011 quanto
1073 955 1220 1012 magis,
1235 955 1411 997 decurso
1423 968 1536 997 nunc
1550 952 1702 996 exinde

116 1032 211 1089 plus
243 1048 370 1088 quam
401 1032 514 1075 mille
540 1038 584 1075 et
607 1031 936 1088 quingentorum
963 1046 1169 1074 annorum
1195 1029 1415 1082 curriculo,
1445 1044 1521 1072 nos
1554 1043 1701 1071 somno

117 1107 260 1151 excuti
279 1122 392 1150 nunc
413 1114 457 1150 et
477 1107 531 1149 ad
551 1107 856 1150 occurrendum
872 1121 1024 1162 sponso
1039 1104 1278 1162 praeparari
1299 1110 1506 1161 oporteat,
1527 1119 1581 1146 ne
1602 1118 1700 1146 cum

116 1182 245 1225 fatuis
280 1182 514 1239 virginibus
549 1181 640 1225 oleo
675 1181 884 1238 spirituali
918 1181 1045 1224 cassis
1080 1181 1204 1237 culpa
1237 1186 1383 1223 nostra
1414 1179 1700 1223 excludamur.

118 1258 263 1315 Opera
283 1258 552 1301 tenebrarum
571 1263 697 1301 vocat
718 1272 842 1300 omne
861 1272 996 1313 genus
1022 1256 1226 1299 scelerum
1248 1262 1291 1298 et
1311 1254 1580 1311 flagitiorum,
1597 1269 1701 1310 quo-

116 1349 210 1376 rum
239 1333 595 1390 designandorum
624 1332 929 1389 praecidendae
959 1338 1058 1374 sunt
1093 1347 1238 1374 omnes
1268 1330 1521 1374 occasiones.
1594 1329 1699 1372 Ideo

116 1408 221 1452 dicit
241 1408 488 1464 abjicienda.
545 1407 760 1450 Induendi
779 1407 908 1450 verbo
924 1413 1087 1464 perstat
1106 1407 1150 1448 in
1172 1406 1460 1460 similitudine,
1477 1420 1561 1461 quo
1582 1420 1700 1461 spec-

116 1491 182 1527 tat
202 1484 330 1527 etiam
351 1483 466 1541 quod
485 1482 677 1540 sequitur
707 1485 733 1508 “
747 1482 882 1525 Arma
904 1482 1046 1536 lucis,''
1068 1482 1149 1536 i.e.,
1169 1482 1453 1524 instrumenta
1483 1479 1569 1523 luci
1601 1495 1700 1523 con-

115 1559 324 1617 gruentia,
338 1558 490 1615 quibus
503 1573 587 1601 non
601 1558 737 1600 solum
748 1558 925 1600 honeste
938 1557 1181 1611 vestiamur,
1196 1563 1240 1600 et
1255 1571 1452 1599 ornemur
1465 1554 1698 1612 splendide,

117 1650 265 1678 verum
286 1634 414 1677 etiam
435 1648 485 1676 ea
503 1639 764 1690 praestemus
786 1639 830 1675 et
849 1632 1126 1689 perficiamus,
1157 1647 1265 1688 quae
1285 1631 1419 1675 nostri
1440 1637 1540 1674 sunt
1560 1629 1699 1674 officii.

117 1710 222 1753 Ideo
246 1724 362 1752 arma
393 1708 601 1766 operibus,
638 1714 682 1752 et
714 1708 853 1751 lucem
887 1707 1073 1751 tenebris
1109 1707 1319 1764 opposuit,
1350 1713 1402 1750 ut
1432 1721 1508 1749 nos
1541 1705 1698 1762 quippe

119 1784 352 1829 Christiani
380 1784 535 1827 milites
565 1784 619 1826 ad
648 1789 922 1840 conspectum
950 1782 1214 1840 imperatoris
1243 1797 1330 1826 non
1349 1782 1485 1825 solum
1504 1781 1550 1824 in
1570 1780 1696 1824 armis

117 1860 347 1917 conspecti,
363 1860 438 1903 sed
453 1859 582 1903 etiam
595 1859 721 1902 rebus
733 1859 945 1916 praeclare
957 1858 1089 1916 gestis
1110 1857 1326 1914 conspicui
1345 1871 1621 1914 appareamus
1641 1855 1697 1899 ad

118 1936 276 1994 gloriae
291 1934 566 1992 triumphum.
627 1933 756 1988 Quod
776 1933 880 1978 dicit
900 1939 1103 1989 tanquam
1121 1932 1167 1975 in
1183 1932 1264 1987 die,
1281 1931 1492 1989 significat
1507 1930 1696 1974 nondum

121 2017 312 2056 exortam
331 2025 421 2053 esse
440 2009 591 2063 lucem,
612 2015 687 2052 aut
707 2008 819 2052 diem
850 2007 1083 2061 advenisse,
1113 2006 1210 2050 ideo
1239 2006 1360 2049 addit
1387 2000 1453 2055 ὦς,
1483 2012 1700 2062 tanquam,

120 2094 170 2131 ut
202 2084 410 2144 praeculti
443 2099 750 2142 praeparemur,
786 2083 907 2140 quasi
940 2081 1201 2126 antelucanis
1232 2081 1359 2136 horis,
1392 2081 1496 2124 dum
1525 2079 1702 2123 Lucifer

121 2161 310 2207 exoritur
338 2160 385 2203 in
415 2159 611 2204 cordibus
645 2159 800 2203 nostris
831 2157 1078 2216 prophetico
1111 2172 1302 2200 sermone
1333 2155 1618 2209 attendendis,
1649 2161 1701 2198 ut

119 2237 308 2295 loquitur
338 2236 506 2290 Petrus,
536 2236 562 2278 2
593 2234 690 2292 Ep„
721 2249 812 2292 cap.
832 2234 860 2277 i.
920 2224 1201 2290 Εὐσχημόνως
1231 2232 1444 2286 decenter,
1466 2237 1511 2274 et
1530 2228 1702 2274 decenti

118 2313 282 2367 habitu,
302 2312 492 2355 indidem
511 2317 680 2368 sumpta
697 2309 985 2353 translatione.
1043 2306 1402 2365 Intemperantiae
1431 2306 1516 2349 duo
1543 2318 1703 2363 genera

120 2387 410 2446 praecavenda
437 2392 595 2441 monet,
626 2384 782 2442 quippe
801 2383 927 2442 gulae
946 2390 992 2427 et
1010 2382 1176 2427 veneris
1195 2379 1502 2438 intemperiem.
1560 2377 1701 2424 Gulae

123 2463 229 2507 duas
248 2469 390 2518 partes
403 2466 538 2516 notat,
554 2459 946 2504 commessationem
967 2465 1011 2502 et
1031 2458 1293 2512 ebrietatem,
1314 2455 1404 2500 sive
1423 2454 1638 2513 crapulam
1657 2459 1703 2498 et

122 2535 429 2582 temulentiam.
497 2535 720 2580 Libidines
751 2549 853 2579 vero
884 2533 1086 2578 cubilium
1117 2540 1163 2578 et
1192 2530 1500 2590 proterviarum
1530 2528 1701 2573 nomine

121 2611 332 2669 designat,
348 2624 472 2654 omne
486 2625 621 2667 genus
636 2609 936 2654 obscaenamm
954 2607 1223 2667 voluptatum
1237 2605 1494 2664 complexus.
1551 2602 1700 2660 Eur-ip.

126 2687 172 2730 in
191 2685 330 2744 priore
348 2683 578 2742 Autolyco,

258 2831 412 2890 ’γναθοῦ
433 2845 477 2876 τε
501 2827 658 2885 δοῦλος,
684 2826 820 2883 νηδυός
841 2829 888 2875 3'
911 2825 1142 2891 ἡσσημένος.

263 2910 516 2955 Abdominis
536 2910 739 2966 minister,
761 2917 806 2954 et
826 2925 972 2953 servus
991 2909 1129 2966 gulae.

824 2987 849 3028 2
872 2997 891 3027 1
911 2985 936 3026 2
