1887 3188
696 240 797 270 CAP.
821 242 923 271 v111.
947 232 1090 273 28-39.
1602 233 1685 274 475

99 366 163 399 est
184 357 448 414 glorificatio.
499 357 652 399 Utitur
673 358 802 400 verbo
823 359 1043 413 praeteriti
1063 360 1265 415 temporis
1287 352 1464 414 ἑδόξασε,
1488 362 1541 403 ad
1563 362 1689 403 certi-

99 432 292 473 tudinem
314 431 481 473 futurae
502 431 661 486 gloriae
683 431 1016 487 significandam,
1042 440 1092 474 ut
1114 449 1153 475 v.
1176 436 1215 486 2,
1238 427 1478 490 ἐλευθέρωσε.
1538 426 1599 474 T)
1621 426 1687 474 οὖν

99 499 258 560 ἐροῦμεν
285 496 384 560 πξός
410 496 600 557 rafim]
672 505 788 548 Hinc
816 506 1033 548 concludit
1060 507 1490 563 magnificentissime,
1520 516 1563 550 et
1591 524 1688 551 cum

98 579 277 621 fiduciae
308 594 472 620 summa
502 579 754 636 gloriatione
785 580 906 622 nobis
931 581 1037 621 nihil
1057 581 1204 623 obesse
1234 596 1371 636 posse,
1403 590 1477 623 aut
1508 583 1688 624 salutem

95 661 284 696 nostram
306 654 523 710 impedire,
552 654 670 707 nihil,
700 655 814 709 quod
836 655 957 696 nobis
988 655 1081 696 usui
1112 662 1155 697 et
1186 655 1313 697 saluti
1335 670 1425 697 esse
1446 656 1593 711 possit,
1616 657 1689 698 de-

96 744 187 770 esse
208 744 345 784 posse.
396 728 516 770 Deus
538 735 604 770 est
624 728 856 782 nobiscum,
880 729 974 784 quis
996 744 1096 785 ergo
1118 736 1266 772 contra
1280 730 1389 772 nos?
1428 729 1548 771 Deus
1570 730 1691 771 dedit

95 802 255 844 Filium
272 817 395 844 suum
411 809 585 858 propter
597 818 673 844 nos
686 803 730 843 in
747 810 941 856 mortem,
960 803 1034 858 qui
1049 803 1140 845 fieri
1155 810 1311 859 potest,
1326 810 1374 845 ut
1391 803 1551 858 aliquid
1567 803 1689 846 nobis

96 876 153 918 sit
172 877 437 932 negaturus?
481 876 575 918 Aut
605 892 690 918 non
721 877 862 918 omnia
890 877 1003 919 ultro
1034 877 1350 933 gratificaturus
1381 884 1425 920 et
1445 878 1689 934 largiturus,

95 966 194 993 cum
213 966 268 993 ne
288 950 447 991 Filium
469 950 640 1005 quidem
661 951 782 992 nobis
807 951 1041 1007 negaverit,
1064 952 1139 993 sed
1160 967 1257 994 eum
1281 951 1403 994 nobis
1425 952 1689 1008 gratificatus

97 1026 167 1067 sit.
230 1024 338 1077 Quis
359 1024 576 1067 accusabit
605 1040 696 1078 nos,
719 1032 794 1067 aut
824 1025 1147 1067 crimina-bitur?
1177 1042 1275 1068 cum
1295 1026 1415 1069 Deus
1445 1042 1531 1069 non
1552 1027 1689 1068 solum

96 1114 174 1142 nos
194 1099 239 1140 in
261 1099 434 1142 Christo
463 1099 652 1155 elegerit,
675 1100 749 1141 sed
776 1100 904 1141 etiam
928 1100 1187 1154 justificarit.
1250 1100 1359 1153 Quis
1390 1101 1691 1143 condemnabit

96 1189 186 1227 nos,
208 1189 284 1230 pro
305 1174 459 1229 quibus
480 1173 748 1216 absolvendis
769 1190 794 1215 a
813 1181 989 1230 peccato
1005 1181 1197 1216 mortuus
1219 1182 1284 1217 est
1307 1174 1517 1228 Christus,
1540 1182 1583 1217 et
1597 1176 1691 1230 jus-

95 1248 308 1291 tificandis
339 1264 364 1289 a
390 1255 526 1290 morte
558 1248 768 1290 excitatus
794 1255 872 1302 est,
895 1256 938 1290 et
965 1248 1250 1305 glorificandis
1280 1250 1334 1290 ad
1361 1249 1447 1291 Dei
1468 1250 1689 1291 dexteram

97 1323 230 1376 sedet,
264 1329 309 1365 et
340 1323 618 1365 defendendis
650 1322 907 1378 interpellat.
969 1323 1165 1366 Observa
1196 1324 1457 1366 accusationi
1480 1325 1691 1379 justifica-

95 1397 269 1451 tionem,
299 1397 643 1439 condemnationi
673 1395 963 1439 defensionem
994 1404 1038 1440 et
1067 1398 1350 1454 patrocinium
1379 1399 1548 1455 opponi,
1577 1414 1617 1455 q.
1632 1400 1688 1454 d.,

95 1471 190 1527 quis
212 1471 367 1513 audeat
388 1486 484 1513 eum
506 1486 716 1524 accusare,
738 1487 865 1527 quem
886 1471 1069 1515 absolvit
1089 1472 1241 1515 Deus?
1264 1473 1373 1526 Quis
1394 1474 1689 1528 condemnare,

95 1545 169 1601 qui
189 1552 359 1588 tantum
378 1545 534 1588 habeat
554 1552 794 1602 patronum,
811 1553 900 1588 tam
915 1547 1150 1602 gratiosum
1172 1553 1216 1589 et
1235 1555 1468 1603 potentem,
1490 1555 1580 1590 tam
1601 1555 1691 1591 stu-

95 1621 262 1663 diosum
294 1627 337 1662 et
368 1627 582 1662 amantem
613 1620 710 1662 sui?
770 1619 880 1672 Quis
911 1635 989 1662 nos
1020 1621 1245 1676 separabit,
1276 1621 1431 1677 inquit,
1462 1622 1516 1664 ab
1546 1638 1689 1666 amore

97 1694 273 1748 Christi,
294 1710 380 1736 non
401 1694 536 1736 solum
560 1709 644 1749 quo
665 1709 742 1736 nos
762 1695 1045 1750 prosequitur,
1078 1696 1152 1737 sed
1174 1695 1303 1737 etiam
1323 1711 1408 1751 quo
1428 1696 1546 1738 illum
1568 1698 1690 1740 reda-

95 1771 290 1811 mamus'?
320 1769 583 1824 Respondet,
604 1768 734 1818 nihil;
767 1769 1085 1811 enumeratione
1106 1770 1346 1824 septenaria
1365 1785 1507 1813 rerum
1527 1771 1689 1827 praeei-

93 1859 178 1901 pue
191 1844 476 1896 adversarum,
489 1842 726 1898 probatque
740 1843 934 1899 exemplo
947 1843 1104 1886 veteris
1111 1843 1343 1898 Ecclesiae,
1353 1844 1550 1899 Ps.xliv.,
1565 1846 1686 1901 cujus

94 1919 201 1961 fides
232 1925 276 1961 et
305 1917 514 1974 patientia
533 1917 658 1960 nullis
679 1917 992 1961 calamitatibus
1022 1918 1197 1976 infringi
1222 1920 1378 1976 potuit,
1410 1929 1485 1963 aut
1503 1921 1688 1966 labefac-

94 1993 190 2047 tari,
211 2000 261 2035 ut
278 1992 499 2036 Christum
519 1992 708 2034 nondum
728 1992 773 2034 in
794 2007 919 2035 carne
941 1993 1178 2035 exhibitum
1199 1994 1427 2037 desereret.
1472 1995 1621 2051 Atque
1637 2012 1688 2040 ea

95 2075 162 2111 est
181 2067 361 2110 victoria
381 2073 623 2109 sanctorum
643 2066 838 2123 gloriosa,
859 2067 1058 2109 nimirum
1078 2067 1239 2110 invicta
1257 2068 1377 2123 fides,
1399 2085 1507 2125 quae
1528 2071 1689 2114 donum

95 2149 161 2186 est
177 2142 281 2197 ejus,
303 2141 378 2196 qui
398 2156 476 2183 nos
495 2141 610 2196 prior
629 2141 801 2195 amavit,
824 2148 868 2184 et
887 2141 1009 2185 nobis
1032 2141 1196 2198 Spiritu
1216 2158 1293 2186 suo
1313 2143 1470 2187 indidit
1489 2151 1687 2188 mutuum

94 2216 162 2259 sui
180 2231 380 2258 amorem.
439 2215 691 2258 Notandum
714 2223 779 2258 est
795 2217 973 2260 verbum
995 2209 1279 2273 ὑπερνικῶμεν,
1293 2217 1390 2274 plus
1410 2234 1538 2273 quam
1552 2219 1690 2264 victo-

93 2305 186 2342 res;
208 2305 353 2333 sumus
370 2297 414 2333 et
435 2290 550 2345 quod
569 2305 739 2332 eausam
757 2290 959 2335 victoriae
974 2307 1060 2335 non
1076 2293 1209 2335 amori
1223 2292 1268 2334 in
1285 2291 1506 2335 Christum
1525 2301 1685 2349 nostro,

95 2365 172 2408 sed
192 2363 356 2408 Christi
374 2365 420 2407 in
446 2380 524 2407 nos
554 2365 687 2407 amori
717 2365 882 2419 tribuit,
908 2366 982 2422 qui
1005 2382 1083 2409 nos
1113 2367 1240 2423 prior,
1266 2382 1362 2410 cum
1383 2367 1503 2410 illum
1527 2368 1687 2412 odisse·-

94 2454 213 2492 mus,
233 2439 405 2482 amavit.
464 2439 627 2482 Probat
647 2439 816 2493 deinde,
836 2455 925 2483 ver.
945 2443 1014 2495 28,
1037 2441 1180 2484 Deum
1204 2441 1250 2483 in
1272 2440 1446 2485 Christo
1465 2457 1685 2499 nunquam

93 2528 172 2556 nos
193 2513 460 2556 deserturum
479 2520 555 2556 aut
576 2513 893 2568 derelicturum,
914 2515 990 2558 sed
1008 2522 1216 2572 perpetuo
1236 2522 1281 2559 et
1300 2516 1515 2559 constanti
1540 2532 1618 2561 nos
1637 2518 1684 2561 in

72 2604 78 2607 ’
96 2586 270 2639 Christo
290 2601 432 2630 amore
451 2595 788 2644 prosecuturum.
846 2589 909 2632 Et
937 2589 1123 2633 illustrat
1142 2589 1252 2633 hanc
1271 2590 1372 2633 fidei
1393 2606 1493 2634 suae
1512 2607 1686 2650 persua-

94 2661 257 2705 sionem
284 2662 600 2706 enumeratione
628 2678 772 2706 earum
792 2679 947 2719 rerum,
969 2680 1078 2721 quae
1105 2680 1350 2721 quanquam
1369 2665 1684 2710 valentissimae

94 2735 335 2788 videantur,
364 2734 472 2777 nihil
490 2742 635 2780 tamen
663 2753 788 2794 posse
817 2745 1032 2783 creaturas
1062 2755 1208 2783 omnes
1228 2747 1378 2783 contra
1397 2740 1540 2784 Deum
1569 2756 1688 2784 orea-

94 2817 244 2863 torem,
275 2815 321 2852 et
348 2808 395 2851 in
426 2808 599 2853 Christo
623 2812 938 2869 redemptorem
967 2829 1135 2857 suorem
1164 2815 1220 2857 ad
1249 2815 1341 2869 ejus
1369 2814 1684 2858 immutandum

94 2889 243 2928 contra
271 2898 370 2927 suos
398 2882 601 2939 animum,
627 2891 703 2928 aut
727 2887 966 2942 potentiam
994 2903 1073 2944 pro
1102 2888 1189 2931 suis
1215 2888 1503 2931 minuendam.
1561 2889 1682 2933 Num
