1887 3188
22 2918 39 2931 Ι

814 253 1034 283 ammom.
1636 240 1718 282 395

126 373 189 416 tio
206 390 217 416 ι
240 373 374 428 Cujus
391 371 619 428 Evangelii
634 378 758 413 autor
773 371 907 424 Deus,
930 371 1162 426 antiquitas
1178 371 1268 425 jam
1284 370 1383 412 inde
1405 386 1430 412 a
1450 370 1571 426 lapsu
1586 371 1721 413 homi-

126 448 206 501 nis,
237 454 391 489 natura
419 446 464 487 'm
493 444 682 502 gratuita
708 445 1028 500 pollicitatione,
1061 444 1278 498 sanctitas,
1310 451 1354 486 et
1384 444 1596 486 certitudo
1626 460 1723 500 pro-

125 521 267 579 phetis
296 520 479 564 testibus
500 519 616 562 omni
647 519 897 575 exceptione
917 519 1147 575 majoribus
1169 526 1213 561 et
1235 525 1477 561 sanctarum
1503 518 1723 560 literarum

127 595 284 639 tabulis
314 595 586 648 authenticis,
618 595 965 637 commendatur:
1002 593 1341 648 describiturque
1371 593 1550 636 materia
1579 593 1724 635 Evan-

125 671 238 727 gelio
274 670 478 723 subiecta,
515 669 673 725 quippe
699 669 810 711 filius
846 669 944 723 Dei,
979 669 1098 711 cuius
1131 683 1312 725 persona
1342 683 1429 710 una
1460 667 1514 710 ab
1550 674 1724 709 aeterno

126 745 301 802 genita3
341 752 520 787 naturae
551 745 661 786 duae
679 761 688 785 z
730 744 927 797 humana,
965 743 1201 786 Davidicae
1238 742 1381 798 stirpis
1415 742 1579 797 virgine
1616 749 1723 795 orta,

127 835 238 862 anno
263 819 327 861 Μ.
350 821 460 862 3927
471 835 481 869 ;
514 819 671 871 divina,
694 834 770 874 per
790 833 835 861 se
856 825 1041 871 aeterna,
1064 833 1211 861 verum
1235 810 1270 856 ἐν
1295 810 1541 873 πλερῶματι
1559 813 1722 873 καιρῶν,

127 909 239 937 anno
271 897 397 947 3960,
426 894 641 936 declarata
672 894 844 947 mundo,
875 900 918 936 et
939 892 1211 935 manifestata
1237 892 1490 934 resuscitato
1520 892 1566 933 in
1590 892 1724 934 vitam

128 984 316 1025 corpore,
339 969 455 1024 quod
476 968 717 1024 expositum
739 974 829 1010 erat
849 967 894 1009 in
914 974 1095 1010 mortem
1117 967 1253 1010 crucis
1280 966 1572 1020 execrabilem,
1594 965 1725 1021 idque

127 1044 289 1086 virtute
320 1059 408 1097 sua,
431 1059 516 1098 qua
537 1042 723 1098 Spiritus
755 1049 820 1084 est
851 1042 1156 1084 sanctimoniae
1187 1042 1323 1084 omnis
1354 1049 1478 1084 autor
1497 1041 1542 1082 in
1562 1040 1725 1098 angelis

129 1124 173 1160 et
203 1117 458 1171 hominibus,
491 1124 620 1172 atque
651 1117 757 1159 adeo
788 1117 881 1172 ipsa
905 1117 1121 1170 sanctitas,
1150 1123 1347 1158 naturam
1379 1123 1610 1158 assumtam
1637 1132 1724 1159 non

128 1193 265 1235 solum
285 1192 330 1233 in
351 1192 530 1235 articulo
559 1199 790 1247 conceptus
815 1191 1039 1247 purissime
1070 1191 1352 1244 sanctificans,
1385 1191 1460 1233 sed
1485 1190 1614 1232 etiam
1635 1191 1726 1234 vita

127 1274 224 1323 post
245 1275 427 1309 mortem
450 1266 643 1309 rediviva
662 1266 906 1322 plenissime
926 1265 1192 1322 glorificans3
1214 1266 1329 1308 unde
1350 1265 1461 1307 filius
1482 1265 1580 1319 Dei,
1603 1265 1724 1308 Deus

129 1348 171 1384 et
193 1341 333 1394 homo,
354 1341 532 1383 idoneus
563 1341 684 1383 nobis
708 1340 923 1394 servator,
945 1348 1100 1382 unctus
1122 1340 1352 1396 Propheta,
1386 1340 1607 1393 Sacerdos,
1629 1340 1728 1382 Rex

127 1423 172 1459 et
205 1416 418 1458 Dominus
454 1422 611 1469 noster,
649 1415 861 1458 debellato
897 1422 1073 1471 peccato
1110 1421 1153 1457 et
1188 1421 1339 1468 morte,
1377 1420 1420 1456 et
1452 1414 1726 1470 triumphatis

127 1489 335 1544 hostibus,
358 1490 523 1532 coelum
543 1490 760 1546 ingressus
781 1490 837 1532 ad
857 1490 1054 1533 dextram
1076 1489 1311 1544 majestatis
1331 1489 1376 1530 in
1393 1488 1497 1531 solio
1518 1489 1726 1543 consedit,

129 1564 252 1608 donis
288 1571 332 1607 et
367 1564 615 1607 muneribus
650 1564 750 1607 inde
785 1564 1024 1607 Ecclesiam
1056 1564 1276 1607 cumulans
1311 1564 1473 1619 Ephes.
1498 1564 1555 1605 iv.
1629 1564 1726 1607 Nec

128 1639 312 1693 aliunde,
335 1645 410 1681 aut
425 1638 479 1680 ab
496 1639 578 1681 alio
593 1638 754 1681 Paulus
775 1645 952 1681 vocatus
974 1639 1138 1694 accepit
1159 1638 1293 1694 gratis
1308 1637 1627 1693 Apostolatum,
1649 1654 1726 1694 pro

130 1712 294 1757 Christi
314 1713 485 1756 nomine
513 1719 558 1755 et
585 1713 640 1754 ad
667 1712 845 1769 gloriam
868 1712 1031 1756 Christi
1057 1712 1199 1767 fidem,
1220 1711 1423 1769 gentibus
1443 1711 1488 1753 in
1510 1712 1726 1767 justitiam

130 1802 228 1830 cum
244 1786 486 1841 sanctitate,
501 1794 546 1830 et
561 1787 742 1830 salutem
755 1803 832 1843 per
845 1787 1115 1844 evangelium
1131 1787 1497 1840 communicando,
1510 1786 1726 1844 legatione

129 1861 368 1914 functurus,
389 1876 476 1904 non
496 1868 585 1904 tam
606 1861 720 1904 inter
738 1861 771 1904 J
774 1862 944 1916 udaeos,
967 1877 1094 1918 quam
1115 1861 1230 1904 inter
1250 1877 1396 1904 omnes
1419 1861 1597 1916 Gentes,
1624 1877 1728 1918 quar

130 1951 224 1979 rum
246 1951 300 1978 ex
320 1951 496 1979 numero
517 1943 583 1979 est
604 1936 799 1978 Romana
819 1936 1008 1979 omnium
1036 1935 1310 1990 nobilissima,
1341 1951 1428 1979 non
1448 1942 1538 1978 tam
1559 1937 1660 1980 sede
1681 1944 1726 1980 et

131 2010 358 2063 domicilio,
375 2010 571 2066 famaque
587 2010 754 2066 imperii
768 2011 813 2052 in
830 2026 976 2054 omnes
991 2017 1143 2068 gentes
1159 2010 1397 2065 constituti,
1419 2025 1548 2066 quam
1563 2010 1727 2054 Christi

129 2085 368 2139 vocatione,
398 2100 483 2140 qua
502 2082 694 2141 plerique
720 2100 807 2128 non
835 2085 970 2128 solum
992 2085 1134 2129 vocati
1154 2101 1179 2127 a
1201 2084 1364 2128 Christi
1384 2084 1619 2142 Apostolis,
1650 2087 1727 2129 sed

130 2167 175 2204 et
209 2160 265 2202 ad
293 2158 455 2203 Christi
487 2159 828 2202 communionem
863 2159 1018 2214 vocati,
1049 2175 1135 2204 non
1166 2160 1365 2203 dicantur
1398 2159 1535 2216 magis
1569 2175 1727 2217 cogno—

129 2241 289 2288 mento,
306 2249 434 2290 quam
451 2234 537 2277 sint
552 2249 713 2290 reapse,
731 2233 979 2278 Christiani.
1034 2234 1208 2288 Paulus,
1234 2234 1421 2290 inquam,
1443 2234 1540 2277 talis
1561 2241 1728 2278 tantus-

130 2325 214 2366 que
231 2308 394 2353 Christi
409 2309 465 2351 ad
479 2315 654 2365 gentem
671 2308 801 2351 etiam
817 2309 1054 2352 Romanam
1070 2308 1306 2365 Apostolus
1322 2308 1470 2351 scribit
1485 2308 1726 2364 Epistolam

130 2383 255 2437 hanc,
271 2383 392 2426 vobis
408 2390 622 2439 quotquot
638 2383 802 2426 Romae
819 2383 934 2426 estis.
980 2383 1077 2425 Deo
1093 2390 1314 2426 aeternum
1336 2382 1609 2439 singulariter
1627 2384 1728 2427 ada-

131 2457 251 2511 mati,
273 2457 363 2500 sive
386 2458 473 2500 iam
492 2457 634 2501 vocati
654 2458 699 2499 in
721 2457 885 2501 Christi
905 2457 1154 2501 societatem
1175 2457 1268 2499 sitis
1289 2456 1380 2500 sive
1399 2471 1525 2513 porro
1545 2458 1728 2500 vocandi

133 2533 190 2575 ad
209 2532 344 2574 vitam
363 2538 480 2574 caste
501 2539 733 2589 sancteque
754 2532 1007 2590 degendam,
1029 2531 1073 2573 in
1095 2546 1213 2588 spem
1241 2531 1402 2587 gloriae
1429 2531 1726 2588 sempiternae.

132 2606 282 2662 Atque
311 2605 518 2648 hactenus
541 2621 639 2662 pars
666 2606 860 2664 prooemii
882 2606 1031 2663 prima,
1062 2621 1148 2648 uno
1175 2605 1402 2649 verborum
1423 2605 1588 2649 ambitu
1615 2621 1729 2650 com-

128 2680 354 2738 prehensa,
385 2686 430 2722 et
458 2679 628 2723 rudiore
657 2697 683 2723 a
710 2681 834 2724 nobis
864 2680 1062 2737 penicillo
1092 2679 1372 2723 adumbrata:
1401 2679 1457 2721 In
1487 2695 1572 2735 qua
1600 2680 1728 2723 liceat

135 2755 281 2798 videre
302 2752 410 2809 quis,
441 2753 523 2808 cui,
553 2754 670 2810 quid,
699 2770 784 2810 qua
803 2755 857 2798 de
877 2770 936 2809 re,
968 2761 1012 2798 et
1037 2770 1114 2798 cur
1133 2754 1318 2805 scribat3
1351 2760 1394 2797 et
1415 2769 1492 2797 cur
1511 2754 1580 2808 sit,
1612 2755 1727 2810 quod

136 2827 297 2882 scribit,
338 2833 504 2870 attente
538 2827 780 2884 legendum,
817 2835 860 2872 et
895 2829 1020 2873 avide
1055 2828 1400 2886 amplectendum
1418 2844 1428 2870 τ
1461 2827 1585 2880 Quae
1625 2828 1728 2871 dum

138 2917 303 2951 summa
317 2916 459 2945 rerum
474 2901 794 2945 tractandarum
813 2903 984 2960 fastigia
997 2903 1169 2958 delibat,
1192 2918 1336 2947 earum
1353 2909 1397 2946 et
1413 2901 1558 2946 divina
1577 2903 1730 2959 majes-
