1887 3188
749 219 851 249 CAP.
874 219 904 248 1.
930 209 1073 251 16-17.
1625 212 1710 254 413

114 346 166 383 ut
196 336 372 383 eandem
395 338 610 393 justitiam
641 344 685 381 et
709 338 795 380 Dei
816 344 860 381 et
880 338 981 380 fidei
1007 338 1077 381 hio
1108 338 1276 382 diversa
1303 339 1466 383 ratione
1497 341 1712 399 intelligas

115 415 303 472 appelari
316 431 327 464 3
360 429 536 469 eamque
557 413 797 470 Evangelio
826 413 1021 469 patefieri
1040 429 1126 456 non
1147 413 1266 455 irrito
1288 421 1457 468 conatu,
1480 417 1555 458 scd
1577 417 1715 459 effica-

115 490 223 532 citer
243 490 297 530 ad
324 489 454 530 fidem
487 488 774 544 gignendam3
806 487 887 530 hoc
922 487 1035 530 enim
1068 494 1133 530 est
1164 480 1217 532 εἷς
1240 483 1394 535 πίστιν,
1421 496 1470 531 ut
1503 505 1629 545 supra
1659 484 1713 536 εἷς

117 555 314 620 σώτηξίαν
339 563 394 605 ad
424 563 605 605 salutem
636 563 949 617 conferendam,
981 569 1111 618 atque
1141 562 1203 604 ita
1234 562 1499 619 significatur
1529 564 1716 607 efficacia

114 637 344 694 Evangelii
364 637 453 680 sive
474 636 669 694 potentia
684 637 770 679 Dei
790 653 866 693 per
880 637 961 680 hoc
983 652 1105 679 suum
1122 636 1467 691 instrumentum,
1485 653 1570 693 quo
1585 638 1715 680 fidem

116 712 247 755 efficit
281 712 326 753 in
359 712 625 754 audientium
658 712 809 754 animis
842 713 896 754 ad
929 712 1029 754 fidei
1055 711 1270 766 justitiam
1300 712 1715 768 apprehendendam,

116 802 226 842 quae
251 787 400 829 eadem
423 794 487 829 est
503 786 589 829 Dei
604 786 787 842 justitia,
802 802 929 842 quam
946 786 1067 829 Deus
1088 786 1269 843 largitur
1285 802 1338 829 ex
1359 802 1474 829 mera
1487 787 1649 843 gratia3
1673 794 1718 830 et

116 862 173 904 ad
193 861 441 917 capiendam
464 867 508 904 et
529 861 931 916 apprehendendam
962 876 1055 903 eam
1085 868 1313 917 postquam
1338 861 1481 904 oblata
1509 868 1587 916 est,
1615 862 1717 904 fidei

117 935 240 991 quasi
260 951 433 977 manum
464 935 640 989 confert,
671 935 761 978 sine
792 951 877 991 qua
908 935 1106 978 Christus
1137 936 1182 976 in
1209 935 1423 990 justitiam
1454 936 1717 992 apprehendi

117 1026 204 1052 non
224 1017 382 1066 potest.
444 1009 589 1063 Qua-re
611 1018 653 1052 et
674 1010 786 1063 fidei,
820 1010 908 1052 sive
930 1025 984 1052 ex
1003 1010 1087 1052 fide
1107 1010 1279 1065 justitia
1299 1010 1469 1052 dicitur.
1528 1011 1575 1052 N
1577 1027 1624 1053 ec
1645 1012 1719 1053 de-

119 1085 195 1128 bet
214 1085 319 1127 haec
340 1084 535 1139 trajectio
557 1084 745 1127 violenta
769 1085 918 1138 videri,
941 1100 1038 1127 cum
1059 1085 1207 1127 crebro
1229 1092 1453 1127 occurrant
1474 1085 1718 1140 hujusmodi

120 1160 235 1215 apud
264 1159 523 1215 Apostolum
545 1159 750 1215 exempla,
774 1166 817 1201 et
837 1175 923 1201 non
953 1166 1077 1216 grata
1106 1159 1232 1201 modo
1264 1159 1449 1213 auribus,
1481 1161 1556 1202 sed
1588 1160 1718 1203 etiam

121 1234 272 1277 efficax
304 1235 358 1276 ad
391 1234 717 1290 significandum
750 1233 806 1276 sit
836 1233 908 1275 illa
938 1249 991 1276 ex
1018 1233 1102 1276 fide
1133 1234 1178 1275 in
1207 1233 1336 1276 fidem
1356 1234 1718 1290 pa[ra]nomasia:

120 1309 359 1365 cujusmodi
379 1308 686 1364 compositione
711 1315 755 1350 et
785 1323 938 1351 vocum
960 1308 1165 1351 allusione
1185 1309 1239 1350 ad
1261 1324 1429 1351 sensum
1454 1309 1614 1352 efficaci
1633 1325 1721 1352 non

120 1399 330 1439 nusquam
360 1383 498 1426 utitur
518 1383 766 1438 Apostolus,
789 1383 910 1438 cujus
941 1398 1069 1425 causa
1098 1398 1184 1425 non
1214 1390 1388 1426 veretur
1417 1399 1721 1439 saepenumero

120 1459 252 1503 verba
273 1458 481 1513 trajicere.
541 1457 699 1513 Philip.
721 1472 757 1500 c.
778 1457 807 1499 i.
828 1473 869 1500 v.
892 1458 962 1499 21.

208 1532 414 1588 Sequitur
463 1532 707 1575 confimatio
749 1538 839 1574 tam
878 1531 1186 1586 antecedentis,
1232 1548 1360 1588 quam
1405 1534 1719 1589 consequentis,

121 1607 300 1666 (quippe
324 1607 539 1663 justitiam
567 1606 670 1649 fidei
701 1621 799 1649 cum
833 1606 931 1659 fide,
961 1613 1004 1648 et
1041 1606 1222 1649 salutem
1250 1607 1342 1649 dari
1376 1623 1453 1663 per
1488 1608 1720 1665 Evangeli—

118 1683 212 1739 um)
245 1698 298 1725 ex
333 1681 502 1724 oraculo
523 1681 756 1737 prophetae
786 1680 978 1734 Abacuc,
1010 1681 1126 1736 quod
1155 1681 1372 1723 oraculum
1401 1689 1466 1724 est
1487 1683 1720 1740 Evangeli-

120 1773 231 1811 cum,
252 1757 320 1800 i.e.
347 1756 569 1812 promissio
583 1755 780 1811 Justitiae
800 1755 914 1808 fidei,
937 1762 981 1797 et
1014 1771 1068 1798 ex
1085 1755 1257 1810 justitia
1283 1755 1383 1798 fidei
1408 1756 1523 1800 vitae
1544 1765 1719 1800 aeterna

120 1848 199 1890 per
235 1831 523 1888 Evangelium
562 1830 832 1874 conferenda.
911 1832 937 1855 ‘⁴
957 1829 1115 1872 Justus
1156 1846 1209 1873 ex
1252 1830 1338 1873 fide
1382 1831 1574 1875 victurus
1615 1833 1718 1876 est-’⁹

125 1908 250 1962 Quae
290 1907 504 1951 sententia
543 1906 658 1962 apud
691 1905 943 1962 prophetam
983 1905 1222 1948 illustratur
1255 1897 1450 1946 ἀντιθέσει
1482 1906 1720 1950 contrariae

120 1982 398 2036 infidelitatis,
431 1988 475 2024 et
506 1980 626 2024 exitii
654 1996 708 2023 ex
736 1980 1003 2034 infidelitate,
1025 1980 1386 2035 quemadmodum
1416 1980 1636 2038 eleganter
1664 1981 1719 2023 ad

121 2057 237 2100 Heb.
267 2073 324 2110 X.,
356 2056 434 2099 sub
464 2056 592 2099 finem
614 2055 862 2111 explicatur,
884 2055 958 2097 ubi
978 2052 1063 2100 τοῖς
1086 2047 1263 2101 πίστεως
1283 2056 1460 2112 opponit
1481 2053 1566 2102 τοῖς
1590 2047 1719 2096 ὑποσ-

122 2127 261 2182 τολῆς,
300 2147 341 2173 v.
378 2132 447 2184 37,
484 2124 601 2187 ἡμᾶς
635 2120 676 2169 δὲ
711 2120 788 2169 ὃυκ
822 2121 940 2186 ἐσμὲν
976 2121 1216 2177 ὑποστολῆς
1249 2123 1303 2177 ἐις
1337 2122 1561 2179 ἀπώλειαν,
1597 2121 1719 2170 ἀλλὰ

123 2198 302 2252 πίστεως
325 2198 379 2251 εἰς
399 2196 646 2262 mem-cimam
669 2196 837 2258 ψυχῆς,
860 2205 1032 2262 gemina
1043 2204 1248 2247 antithesi
1262 2204 1364 2247 fidei
1381 2211 1424 2248 et
1439 2205 1722 2259 infidelitatis,

123 2281 272 2323 salutis
305 2287 349 2324 et
385 2279 533 2330 exitii3
563 2286 614 2322 ut
641 2279 802 2322 nemini
836 2279 1014 2322 dubium
1047 2294 1139 2322 esse
1174 2279 1342 2333 debeat,
1364 2279 1468 2334 quin
1490 2271 1650 2326 δίκαιος
1673 2272 1720 2319 ἐκ

122 2345 300 2400 πίστεως
320 2354 377 2397 sit
405 2354 637 2411 legendum
656 2354 750 2397 loco
771 2353 955 2409 subjecti
973 2353 1055 2397 viZ.
1075 2353 1109 2396 J
1112 2360 1234 2396 ustus
1256 2369 1310 2396 ex
1329 2354 1428 2407 fide,
1449 2361 1499 2398 ut
1512 2351 1722 2410 justititia

125 2444 179 2472 ex
197 2429 283 2472 fide
303 2443 431 2486 supra
458 2429 540 2472 hoc
561 2429 713 2472 eodem
741 2443 881 2483 versu,
912 2434 958 2472 et
985 2428 1143 2485 passim
1162 2428 1209 2470 in
1237 2428 1317 2471 hac
1338 2428 1629 2485 disputatione
1658 2429 1724 2472 di-

124 2504 252 2548 citur.
308 2503 464 2560 Itaque
483 2502 720 2560 Apostolus
740 2503 927 2561 optimus
952 2502 1187 2560 prophetae
1215 2502 1426 2559 interpres
1446 2510 1492 2546 et
1510 2503 1581 2546 hic
1601 2510 1646 2548 et
1666 2505 1723 2547 ad

127 2577 228 2623 Gal.
256 2577 317 2620 iii.
347 2583 393 2620 et
421 2577 476 2620 ad
505 2578 643 2622 Hebr.
673 2594 729 2632 x.,
759 2578 842 2621 hoc
877 2578 1041 2621 dictum
1069 2592 1147 2634 pro
1176 2578 1457 2622 fundamento
1481 2585 1527 2622 et
1556 2594 1723 2622 summa

117 2651 356 2710 ,Evangelii
384 2651 572 2706 adhibet,
597 2654 714 2709 quod
743 2652 905 2696 scilicet
933 2652 1149 2709 pollicitus
1178 2652 1308 2696 fuerit
1337 2652 1458 2696 Deus
1487 2647 1722 2710 prophetae

126 2726 329 2771 'excubias
364 2726 523 2783 agenti,
559 2733 604 2769 et
637 2727 878 2784 deploranti
909 2734 1070 2771 statum
1106 2726 1308 2771 ecclesiae
1346 2727 1646 2782 miserandum,
1677 2728 1724 2771 in

127 2802 303 2846 modum
342 2799 603 2843 deformatae
641 2816 740 2844 cum
778 2802 866 2845 suis
906 2802 1148 2856 sceleribus,
1188 2809 1283 2845 tum
1321 2803 1509 2846 hostium
1547 2798 1724 2859 popula-

128 2875 330 2928 tionibus,
363 2873 526 2918 Christi
555 2874 788 2919 adventum
821 2876 866 2918 in
901 2891 1084 2931 carnem,
1117 2883 1161 2919 et
1195 2892 1294 2920 cum
1325 2876 1499 2920 Christo
1532 2877 1723 2921 exhibito
