1887 3188
222 253 306 294 470
826 265 1205 307 COMMENTARlus,

223 384 394 439 guenda
415 385 598 438 omnino,
621 385 736 428 salva
757 392 800 428 et
820 386 1019 428 incolumi
1046 386 1185 427 anima
1210 387 1300 441 jam
1323 386 1569 441 Spirituali:
1600 387 1669 429 cui
1701 394 1809 429 tem-

221 458 386 513 pestive
408 459 691 515 conjungetur
706 475 869 515 corpus,
891 475 977 502 non
997 467 1046 502 ut
1066 467 1191 502 antea
1207 461 1413 502 caducum
1435 467 1478 502 et
1498 460 1711 514 vitiosum,
1733 462 1809 504 sed

221 532 440 587 spirituale
461 540 505 575 et
526 540 759 576 aeternum.
820 533 930 577 Cum
952 541 1087 576 morte
1105 549 1205 590 ergo
1221 534 1405 590 corporis
1422 534 1612 590 intellige
1628 542 1808 577 mortem

221 607 399 662 peccati,
422 614 465 649 et
485 608 820 650 mortificationis
841 614 1009 650 nostrae
1026 607 1359 663 implementum,
1377 608 1545 662 justitia
1561 624 1661 651 vero
1682 624 1809 651 causa

220 681 394 736 ponitur
414 668 527 723 vitae
550 681 748 736 Spiritus,
769 682 850 734 i.e.,
873 681 1037 723 animae
1066 681 1352 723 sanctificatae
1375 688 1418 723 et
1440 681 1694 737 Spiritualis,
1724 697 1808 738 qua

219 755 316 797 talis
338 761 402 796 est
419 771 429 804 3
462 770 569 809 quae
585 756 755 809 justitia
775 755 946 798 videtur
967 771 1057 797 esse
1078 770 1164 797 non
1184 755 1255 796 illa
1275 755 1400 810 prior,
1423 756 1475 798 de
1497 771 1580 811 qua
1599 756 1807 812 principio

218 829 439 885 Epistolae
461 830 736 884 disputatum,
760 830 834 872 sed
854 830 958 872 haec
979 829 1197 885 posterior,
1221 845 1346 884 quam
1375 830 1644 872 sanctitatem
1667 831 1809 886 appel-

219 903 412 956 lavimus,
435 919 543 958 quae
560 911 603 946 et
619 904 710 959 ipsa
727 919 802 946 suo
816 905 940 946 modo
963 911 1027 946 est
1040 903 1154 946 vitae
1171 919 1309 957 causa,
1333 903 1541 959 siquidem
1556 904 1647 959 ipsa
1668 904 1808 946 anima

219 977 444 1032 dupliciter
455 993 531 1033 per
546 984 742 1020 naturam
755 985 922 1020 mortua
938 984 1014 1031 est,
1032 993 1116 1020 uno
1133 978 1258 1020 modo
1275 978 1328 1019 ob
1341 984 1610 1033 peccatorum
1626 985 1805 1032 reatum,

219 1051 351 1094 altero
376 1052 502 1094 modo
535 1052 588 1094 ob
619 1052 870 1095 intestinum
901 1052 1066 1108 peccati
1093 1052 1221 1105 virus,
1254 1052 1383 1107 idque
1415 1052 1693 1095 mortiferum.
1762 1052 1807 1094 A

217 1132 354 1168 morte
374 1133 516 1168 reatus
536 1126 688 1169 liberat
720 1127 903 1168 animam
934 1142 1011 1182 per
1042 1127 1172 1169 fidem
1197 1127 1461 1181 justificatio,
1494 1126 1575 1180 i.e.,
1597 1142 1622 1168 a
1641 1127 1806 1182 peccati

216 1206 338 1242 reatu
354 1200 576 1253 absolutio,
594 1216 678 1256 qua
692 1201 740 1243 fit
757 1207 806 1243 ut
821 1201 917 1244 Deo
933 1201 1193 1244 reconciliati
1209 1216 1424 1256 speremus
1440 1201 1573 1243 vitam
1589 1208 1805 1243 aeternam

219 1289 310 1330 cap.
331 1290 372 1316 v.
432 1274 475 1316 A
496 1275 614 1317 letali
634 1291 798 1318 veneno
818 1275 984 1331 peccati
1005 1275 1283 1318 sanctificatio
1300 1275 1455 1318 sensim
1469 1291 1702 1332 repurgans
1718 1275 1807 1318 ani-

218 1363 344 1402 mam,
362 1348 496 1391 donec
513 1349 759 1392 interventu
774 1350 922 1392 mortis
939 1365 1164 1405 corporeae
1178 1350 1347 1406 penitus
1363 1356 1669 1406 perpurgetur3
1691 1350 1807 1393 ideo-

219 1437 301 1477 que
317 1422 525 1478 duplicem
543 1423 769 1478 justitiam,
792 1430 836 1466 et
850 1424 1199 1478 justificationem
1217 1440 1342 1480 supra
1358 1424 1669 1467 constituimus.
1717 1425 1807 1467 Ex·-

217 1495 319 1551 igua
337 1496 470 1552 igitur
489 1497 821 1553 regenerationis
843 1498 1037 1551 scintilla,
1060 1513 1167 1553 quae
1189 1505 1253 1541 est
1273 1498 1317 1539 in
1339 1499 1508 1552 sanctis,
1538 1506 1603 1541 est
1624 1500 1805 1542 durante

217 1570 297 1612 hac
318 1570 420 1624 vita,
450 1577 493 1613 et
517 1571 688 1626 justitia
712 1572 880 1625 dicitur,
912 1579 956 1614 et
976 1573 1090 1615 vitae
1119 1587 1262 1615 semen
1291 1579 1368 1615 est.
1428 1572 1558 1615 Unde
1588 1573 1805 1616 concludit

219 1644 438 1687 sanctitati
458 1646 718 1688 studendum
739 1661 842 1699 esse,
867 1648 919 1687 12
937 1661 1025 1689 ver.
1046 1653 1095 1689 ut
1120 1661 1246 1702 supra
1266 1646 1322 1689 vi.
1344 1661 1449 1701 cap„
1470 1661 1558 1689 ver.
1578 1648 1644 1700 12,
1661 1647 1805 1690 horta-

215 1725 286 1761 tus
307 1725 373 1761 est
393 1719 448 1761 ad
470 1726 615 1763 sancte
636 1719 893 1770 vivendum3
922 1727 1220 1776 argumentum
1241 1720 1294 1762 ab
1316 1720 1442 1762 officii
1457 1721 1711 1764 necessitate
1731 1722 1805 1764 de-

215 1800 457 1849 sumptum:
480 1793 674 1837 obstricti
690 1801 733 1837 et
749 1794 937 1837 obaerati
959 1810 1102 1836 sumus
1119 1794 1286 1850 spiritui
1302 1801 1346 1837 et
1359 1794 1567 1848 justitiae,
1585 1795 1654 1838 cui
1669 1795 1803 1838 vitam

214 1867 430 1922 debemus,
448 1883 549 1924 ergo
566 1869 799 1912 secundum
814 1868 1020 1924 Spiritum
1033 1868 1277 1911 vivendum.
1327 1868 1521 1911 Illustrat
1534 1885 1559 1911 a
1571 1869 1781 1913 contrario
1791 1885 1804 1911 ε

214 1956 301 1984 non
322 1957 467 1984 sumus
488 1942 604 1985 carni
624 1942 814 1999 obligati,
839 1943 907 2000 (ut
925 1958 1032 1998 quae
1049 1943 1104 1985 sit
1119 1949 1391 1999 peccatorum
1412 1949 1455 1985 et
1475 1943 1623 1986 mortis
1640 1943 1800 2000 causa,)

212 2021 262 2058 ut
283 2016 516 2059 secundum
538 2031 631 2059 eam
651 2017 857 2060 vivamus.
917 2017 1106 2073 Ideoque
1137 2017 1318 2060 alterum
1339 2016 1558 2074 subjungit
1579 2033 1804 2075 argumen-

212 2096 307 2134 tum
327 2090 380 2132 ab
401 2090 562 2134 effectis
583 2091 804 2134 contrariis
825 2091 1128 2135 contrariarum
1149 2107 1382 2145 causarum,
1404 2092 1440 2134 si
1459 2092 1692 2135 secundum
1712 2107 1802 2135 car-

212 2178 310 2207 nem
331 2164 536 2219 vixeritis,
558 2165 807 2220 moriemini,
829 2165 894 2208 sin
914 2180 1016 2209 vero
1037 2166 1270 2208 secundum
1292 2165 1512 2221 Spiritum,
1534 2166 1668 2208 vitam
1683 2166 1803 2209 vive-

213 2238 269 2282 tis
291 2239 617 2295 sempiternam3
639 2241 755 2295 quod
776 2239 983 2296 expressit
1003 2239 1069 2283 his
1098 2239 1252 2290 verbis,
1277 2233 1486 2295 πνὲυματι
1519 2230 1601 2285 τοὶς
1632 2233 1800 2295 πράξεις

215 2308 456 2362 θανατοῦτε,
486 2313 649 2370 Spiritu
673 2314 861 2357 actiones
888 2314 1074 2370 corporis
1099 2313 1482 2363 mortificaveritis3
1513 2313 1583 2355 hic
1610 2313 1798 2356 actiones

212 2387 364 2431 tribuit
384 2388 561 2444 corpori,
582 2395 631 2431 ut
647 2374 774 2444 supra
789 2388 1058 2444 cupiditates,
1079 2387 1136 2431 vi.
1157 2403 1251 2443 cap.
1272 2389 1324 2429 12
1341 2402 1442 2440 ver„
1457 2393 1660 2442 utrasque
1674 2386 1800 2430 nimi-

212 2476 306 2504 rum
327 2469 545 2518 corruptas
567 2469 610 2506 et
632 2462 818 2516 vitiosas,
839 2477 888 2504 ac
908 2461 1085 2518 proinde
1105 2461 1263 2516 ubique
1287 2476 1438 2516 corpus
1468 2467 1714 2516 corruptum
1733 2460 1801 2504 in-

214 2535 359 2592 teHige
380 2543 424 2578 et
444 2536 669 2586 vitiosum3
704 2535 884 2592 Spiritui
907 2551 1008 2579 vero
1027 2535 1179 2578 tribuit
1199 2534 1287 2578 vim
1305 2534 1588 2577 mortificandi
1607 2535 1805 2580 actiones.

212 2609 410 2665 corporis,
435 2611 551 2665 quod
570 2625 656 2652 non
677 2617 742 2653 est
762 2625 914 2666 corpus
933 2609 1084 2652 inutile
1104 2609 1159 2651 ad
1179 2623 1346 2651 omnem
1366 2608 1578 2652 actionem
1603 2609 1806 2664 reddere,

211 2689 286 2727 aut
305 2683 491 2739 corporis
511 2683 671 2726 viribus
693 2690 736 2727 et
755 2683 956 2726 membris
980 2683 1139 2725 nullam
1173 2682 1383 2725 actionem
1416 2683 1554 2737 edere,
1587 2683 1664 2726 sed
1683 2689 1751 2728 est
1768 2698 1796 2728 a

208 2757 374 2802 vitiosis
394 2756 643 2810 actionibus,
664 2757 902 2812 cujusmodi
921 2757 1098 2800 vitiosae
1118 2756 1374 2812 cupiditates
1391 2757 1592 2811 efficiunt,
1608 2757 1803 2814 corporis

208 2831 400 2876 membra
412 2846 620 2884 coercere,
640 2837 686 2873 et
699 2830 744 2873 vi
757 2830 942 2886 Spiritus
961 2836 1104 2874 motus
1119 2830 1249 2873 animi
1266 2830 1458 2885 rebelles,
1475 2831 1628 2887 quihus
1644 2837 1688 2875 et
1702 2846 1807 2875 σοι’--

205 2920 284 2963 pus
299 2906 437 2963 ipsum
453 2911 619 2951 motum
633 2904 735 2964 cieri
746 2904 971 2962 contingit,
985 2905 1180 2950 edomare
1193 2911 1322 2962 atque
1338 2905 1548 2963 subigere.
1593 2905 1794 2950 Alterum
