1887 3188
659 185 758 214 mr.
783 185 877 213 xlv,
899 174 1023 215 4-15.
1555 173 1635 213 503

54 304 137 347 fine
167 304 358 348 hominis.
418 304 573 347 Melius
606 303 734 347 Stoici
752 320 762 354 3
794 304 894 346 Non
924 303 1044 347 nobis
1079 303 1212 345 solum
1245 303 1334 345 nati
1366 318 1521 356 sumus,
1549 303 1629 346 800.

53 379 115 422 Et
130 380 269 423 omnia
284 380 462 423 hominis
478 395 603 423 causa
617 387 837 437 generata3
859 380 1072 422 hominem
1087 394 1187 422 vero
1203 379 1288 422 Dei
1308 379 1473 422 colendi
1490 394 1629 421 causa.

55 454 150 498 Nec
163 455 295 498 solum
305 455 401 510 jure
415 454 650 509 creationis,
668 455 743 498 sed
754 455 888 498 multo
903 454 1037 511 magis
1045 454 1140 509 jure
1153 454 1467 510 redemptionis,
1483 453 1632 509 quanti

56 529 204 585 quanti
217 545 360 572 sumus
375 530 597 586 mancupio
614 537 657 573 et
669 545 782 572 nexu
798 530 882 573 Dei
896 529 940 572 in
955 529 1126 573 Christo
1145 528 1393 585 obligamur.
1436 528 1506 570 Ad
1520 529 1632 571 hunc

57 619 157 662 ergo
171 604 298 648 finem
311 605 354 647 in
368 604 481 647 omni
502 605 603 659 vita,
621 612 748 661 atque
765 606 870 648 adeo
886 605 930 646 in
945 612 1080 647 morte
1096 604 1405 647 collineandum
1419 611 1483 646 est
1499 603 1632 645 nobis.

58 678 128 723 Sic
150 680 230 723 erit
249 680 369 723 nobis
393 679 587 724 Christus
609 687 701 723 tum
721 680 765 722 in
785 680 887 733 vita,
904 687 996 722 tum
1015 680 1060 721 in
1080 686 1216 722 morte
1236 679 1412 732 lucrum,
1433 693 1520 721 ver.
1537 681 1574 731 7,
1593 680 1632 731 8,

58 757 97 798 9.
157 754 240 798 Cui
259 755 454 809 vivimus,
477 763 519 798 et
540 755 753 809 morimur,
775 756 810 798 is
830 755 950 798 nobis
972 761 1037 798 est
1057 754 1280 808 Dominus,
1303 761 1346 797 et
1368 754 1407 796 ei
1427 769 1502 796 nos
1524 753 1635 796 servi

57 845 223 880 sumus3
256 845 369 887 ergo,
405 831 485 873 Sec.
545 831 679 873 Deest
706 830 948 887 propositio,
979 831 1052 873 sed
1080 829 1311 886 assumptio
1342 845 1438 872 cum
1468 828 1635 872 conclu-

57 905 173 967 sione
192 905 317 962 plena
336 905 528 959 habetur,
550 921 590 948 v.
613 908 657 956 83
679 906 885 948 rationem
906 905 1031 961 hujus
1053 905 1213 948 domini
1233 920 1257 947 a
1280 904 1463 958 Christo,
1486 920 1572 947 ver.
1595 907 1635 958 9,

56 971 189 1036 ponit.
248 980 425 1037 Repetit
455 996 529 1023 ver
551 982 617 1034 10,
653 981 992 1024 adhortationem
1023 980 1298 1023 bimembrem
1329 979 1634 1037 objurgationis

58 1055 191 1098 forma
203 1072 214 1106 3
245 1056 318 1098 ubi
338 1056 494 1099 retinet
514 1056 730 1112 praecepti
750 1056 991 1098 bimembris
1013 1056 1142 1098 verba
1163 1070 1300 1111 supra,
1322 1071 1362 1097 v.
1385 1057 1424 1098 3.
1483 1055 1552 1097 Ne
1573 1054 1636 1096 in-

57 1129 201 1173 firmus
221 1130 388 1173 firmum
407 1131 673 1184 condemnet,
695 1138 768 1173 aut
793 1131 937 1173 firmus
958 1131 1170 1173 infirmum
1191 1136 1447 1173 contemnat.
1507 1129 1636 1172 Unde

59 1206 246 1249 adducor
264 1213 313 1248 ut
334 1207 513 1260 credam,
538 1222 614 1249 nos
634 1214 749 1249 recte
770 1223 810 1249 v.
831 1208 871 1260 4,
892 1206 997 1248 illud
1019 1198 1040 1244 ὁ
1061 1197 1193 1262 κρίνων
1215 1207 1270 1248 ad
1289 1206 1501 1248 infirmum
1521 1212 1636 1247 retu-

59 1280 170 1324 lisse.
215 1281 343 1324 Ratio
362 1282 533 1338 utrique
553 1282 741 1324 membro
758 1282 916 1325 inserta
932 1281 1010 1324 sub
1031 1281 1172 1324 fratris
1194 1281 1374 1335 nomine,
1396 1281 1509 1337 quod
1529 1296 1638 1337 pug-

61 1362 136 1398 nat
165 1371 261 1399 cum
291 1363 551 1413 contemptu,
583 1364 658 1399 aut
685 1357 1035 1400 condemnatione
1067 1357 1216 1400 fratres
1243 1364 1416 1414 propter
1446 1363 1637 1398 mutuam

60 1431 397 1488 germanitatem,
420 1438 463 1474 et
483 1431 705 1475 arctiorem
726 1432 770 1473 in
788 1431 959 1475 Christo
979 1431 1332 1487 conjunctionem.
1393 1431 1514 1474 Haec
1529 1431 1637 1474 ratio

60 1505 336 1549 fraternitatis
356 1507 540 1549 adducta
560 1514 625 1550 est
646 1522 698 1550 ex
718 1506 880 1549 ratione
909 1507 1021 1563 parti
1040 1522 1066 1549 a
1087 1506 1258 1550 Christo
1288 1507 1332 1549 in
1352 1522 1428 1550 nos
1449 1506 1636 1560 dominii,

62 1581 177 1636 quod
195 1581 393 1624 nimirum
412 1582 503 1638 pari
523 1597 661 1638 opera,
684 1589 727 1624 et
746 1597 823 1624 nos
844 1581 923 1624 sibi
950 1581 995 1623 in
1025 1596 1181 1636 servos,
1203 1588 1247 1624 et
1266 1597 1342 1624 nos
1363 1581 1474 1624 inter
1493 1597 1569 1624 nos
1589 1587 1640 1624 ut

62 1656 212 1699 fratres
234 1656 400 1707 effecit3
433 1656 480 1699 Si
495 1656 657 1710 fratres,
678 1656 796 1713 Ergo
815 1671 900 1699 non
915 1655 1080 1711 judices
1101 1656 1154 1698 ad
1175 1656 1543 1710 contemnendum,
1565 1662 1639 1698 aut

64 1730 454 1782 condemnandum3
485 1747 582 1774 cum
605 1731 826 1787 judicandi
850 1732 903 1774 de
931 1731 1051 1774 nobis
1083 1731 1276 1774 omnibus
1296 1738 1484 1788 potestas
1504 1731 1639 1774 omnis

64 1805 120 1848 sit
142 1804 315 1860 Christi,
337 1806 450 1862 quod
474 1805 601 1849 faciet
628 1821 704 1848 suo
731 1813 934 1863 tempore,
953 1814 1004 1849 ut
1024 1807 1138 1863 apud
1156 1806 1272 1861 Esai,
1294 1822 1384 1864 cap.
1404 1807 1520 1861 xliv„
1541 1821 1640 1849 con-

64 1881 204 1924 firmat
235 1880 325 1937 ipse
351 1881 624 1936 jurejurando
659 1897 803 1924 omnes
835 1882 889 1924 ad
921 1896 1042 1924 suum
1074 1881 1260 1924 tribunal
1291 1881 1500 1925 sistendos
1533 1896 1636 1924 esse.

66 1956 196 1999 Unde
225 1956 440 1999 concludit
459 1971 546 1999 ver.
569 1958 636 2010 12,
666 1972 751 1998 non
780 1955 953 1999 fratrem
973 1972 999 1998 a
1017 1956 1159 2011 fratre,
1190 1957 1265 2000 sed
1294 1960 1639 2013 unumquemque

66 2039 257 2074 nostrum
277 2047 303 2073 a
322 2030 416 2074 Deo
431 2030 669 2086 judicatum
684 2031 748 2073 iri.
798 2031 927 2074 Unde
942 2031 1098 2088 repetit
1113 2031 1463 2086 adhortationem,
1479 2039 1642 2074 utrum-

68 2121 151 2162 que
170 2105 405 2148 membrum
423 2121 510 2149 uno
524 2105 745 2162 judicandi
763 2105 933 2149 nomine
947 2106 1306 2164 comprehendens
1322 2106 1640 2165 synecdochice,

69 2189 113 2226 et
131 2197 208 2240 per
226 2173 534 2221 ἁντανακλάσιν
555 2181 667 2224 idem
686 2181 863 2225 verbum
891 2188 1058 2225 mutata
1076 2182 1383 2240 significatione
1403 2182 1570 2239 repetit,
1591 2189 1642 2225 ut

68 2272 126 2301 sc.
153 2257 434 2314 dispiciamus,
462 2272 516 2300 ne
547 2256 719 2300 fratrem
752 2256 1037 2307 offendamus3
1068 2257 1159 2314 agit
1188 2263 1332 2300 autem
1361 2257 1415 2300 de
1445 2256 1642 2300 scandalo

71 2332 184 2386 dato,
199 2347 286 2375 non
305 2339 491 2388 accepto,
512 2338 562 2375 ut
581 2331 712 2390 vulgo
736 2331 906 2375 dicitur.
956 2331 1070 2376 Vide
1090 2331 1371 2376 differentiam
1390 2331 1502 2375 inter
1520 2341 1643 2389 προσ-

71 2398 226 2464 κόμμα
247 2415 290 2450 et
309 2399 552 2461 σκάνδαλον,
570 2407 683 2464 quod
702 2407 772 2451 hic
791 2414 962 2451 vetatur
979 2407 1125 2451 firmus
1144 2422 1301 2464 ponere
1320 2406 1499 2461 infirmo,
1517 2423 1558 2450 v.
1577 2409 1645 2450 13.

75 2482 279 2539 Sequitur
297 2483 535 2540 occupatio:
563 2483 694 2526 Dicat
723 2482 797 2539 qui
815 2482 959 2527 firmus
980 2489 1058 2537 est,
1087 2482 1244 2526 Nullus
1270 2482 1389 2526 cibus
1409 2488 1475 2525 est
1493 2488 1646 2525 natura

74 2573 152 2601 sua
169 2557 423 2612 immundus,
452 2573 549 2602 cum
569 2558 625 2601 sit
645 2558 756 2601 bona
774 2557 860 2601 Dei
888 2565 1093 2612 creatura,
1115 2564 1159 2601 et
1177 2557 1274 2600 usui
1292 2564 1438 2601 nostro
1461 2556 1646 2600 sanctifi-

75 2629 197 2676 cetur
215 2631 344 2675 verbo
364 2639 408 2675 et
426 2633 620 2689 precibus
639 2633 684 2676 in
706 2632 891 2677 Christo.
949 2627 1108 2676 Fate'or
1132 2633 1290 2690 (inquit
1309 2632 1483 2690 Apost.)
1504 2647 1581 2688 per
1599 2647 1644 2675 se

75 2722 223 2751 verum
247 2722 350 2761 esse,
381 2707 456 2750 sed
483 2722 560 2764 per
587 2708 781 2752 accidens
799 2714 972 2766 propter
989 2707 1145 2751 infirmi
1173 2708 1314 2752 fratris
1345 2707 1644 2766 conscientiam

77 2781 156 2826 tibi
175 2797 260 2824 non
279 2781 404 2825 licere
424 2796 521 2824 cum
540 2781 739 2826 fratribus
759 2782 930 2838 offensa,
951 2783 1020 2827 cui
1039 2783 1158 2827 cibus
1176 2783 1247 2827 ille
1269 2783 1438 2826 videtur
1455 2777 1644 2838 impurus

77 2873 127 2901 eo
157 2856 251 2900 cibo
280 2856 368 2906 uti3
398 2855 478 2900 hoc
505 2856 618 2900 enim
645 2864 755 2901 esset
774 2874 859 2902 non
888 2865 976 2902 tam
1005 2858 1082 2913 uti,
1104 2873 1230 2915 quam
1260 2857 1391 2913 abuti,
1419 2856 1646 2900 fraternam
