1887 3188
175 211 256 251 492
833 219 1215 259 COMMENTARIUS,

176 355 303 395 quam
324 338 538 395 praeclara
560 338 615 380 sit
635 353 701 380 res
719 339 997 395 suscipienda,
1021 355 1145 395 quam
1164 339 1267 395 quid
1287 339 1407 381 nobis
1429 338 1650 389 tributum,
1668 335 1762 392 quis

176 421 345 457 nostrae
380 413 632 469 prudentiae
662 413 871 467 modulus,
909 415 1023 468 quod
1055 414 1169 456 vitae
1202 430 1349 469 genus,
1387 414 1441 455 ad
1474 412 1589 467 quod
1621 410 1762 453 vocati

177 504 334 530 sumus.
394 487 549 542 Neque
581 487 694 529 enim
726 487 981 529 immensum
1012 496 1076 529 est
1107 488 1355 529 demensum
1384 494 1589 539 nostrum,
1625 499 1764 541 neque

175 562 342 604 infinita
372 562 552 615 vocatio,
594 563 669 603 sed
703 568 932 616 utrumque
969 561 1055 602 suis
1084 561 1240 602 finibus
1271 569 1314 603 et
1341 561 1547 602 limitibus
1586 559 1764 602 circum-

177 635 396 691 scriptum,
427 635 540 677 ultra
570 650 675 690 quos
706 634 780 689 qui
809 634 1093 690 progreditur,
1126 625 1225 690 ὑπὲρ
1259 625 1319 673 τοὶ
1353 626 1574 690 ἒκαμμὲνα
1607 634 1675 689 (ut
1703 632 1764 674 ait

177 710 391 753 Graecum
425 708 716 764 proverbium)
750 700 879 764 πηδᾷ,
918 715 961 750 et
1001 715 1183 764 vagatur
1223 715 1344 750 extra
1383 709 1508 760 oleas,
1548 721 1635 749 non
1674 706 1764 748 sine

176 783 281 826 vitio
303 774 724 838 πολυπξαγμοσὺνης,
747 789 789 824 et
816 782 1058 824 ambitionis
1080 782 1254 824 crimine
1271 799 1281 832 ;
1314 798 1398 837 qua
1419 797 1462 824 se
1485 788 1528 824 et
1549 780 1651 822 alios
1671 779 1766 820 inu-

175 857 309 899 tiliter
328 857 495 912 fatigat,
518 863 562 898 et
583 856 795 898 disturbat
817 863 1005 898 sanctam
1036 856 1296 910 societatem,
1319 872 1447 911 quam
1468 853 1632 910 corpori
1652 868 1766 896 com-

174 937 309 987 parat,
330 937 380 973 ut
401 937 550 986 postea
571 930 773 972 dicemus.
833 930 981 984 Atque
1002 930 1106 972 haec
1128 937 1193 972 est
1213 930 1285 972 illa
1304 929 1514 986 generalis
1535 929 1590 970 ad
1610 926 1765 969 sancti-

174 1013 308 1049 tatem
330 1004 571 1046 adhortatio
590 1021 598 1045 :
631 1006 750 1059 cujus
777 1004 1084 1046 adhortationis
1115 1005 1235 1059 quasi
1257 1004 1417 1046 stimuli
1439 1010 1538 1045 sunt
1559 994 1760 1057 ὃικτιξμοι

175 1076 252 1119 τοῦ
289 1073 417 1126 Θεοῦ,
451 1078 837 1120 commiserationes
868 1078 966 1131 Dei,
998 1093 1074 1134 per
1106 1093 1210 1133 quas
1245 1076 1493 1133 gravissime
1524 1076 1764 1118 obtestatur

174 1153 390 1209 apostolus
410 1162 459 1194 ut
481 1152 784 1194 sanctimoniae
813 1153 1072 1205 studeamus,
1096 1159 1139 1194 et
1160 1151 1425 1193 voluntatem
1452 1149 1537 1192 Dei
1561 1149 1605 1190 in
1632 1147 1763 1191 verbo
1820 1204 1823 1208 v

172 1227 442 1283 patefactam,
474 1241 550 1281 pro
580 1227 706 1268 modo
737 1226 1008 1268 revelationis
1039 1232 1221 1279 nostrae,
1244 1241 1340 1267 cum
1365 1224 1588 1267 vocatione
1616 1229 1763 1266 nostra

173 1301 227 1344 ob
256 1301 398 1344 oculos
426 1300 669 1342 habeamus.
751 1299 1150 1342 Commiserationes
1171 1299 1257 1341 Dei
1286 1305 1412 1341 vocat
1442 1297 1648 1340 beneficia
1675 1295 1761 1338 Dei

171 1376 216 1418 in
239 1375 411 1419 Christo
442 1374 584 1417 omnia
611 1389 663 1416 ex
693 1373 981 1416 misericordia
1007 1380 1050 1415 et
1077 1373 1233 1415 affectu
1262 1373 1381 1427 quasi
1402 1379 1580 1428 paterno
1609 1371 1653 1412 in
1682 1385 1760 1412 nos

170 1450 324 1493 collata
356 1464 464 1504 quae
497 1449 582 1490 alte
614 1447 816 1503 repetivit
847 1447 892 1488 in
925 1447 1139 1503 superiore
1171 1447 1364 1488 doctrina
1389 1462 1413 1487 a
1437 1446 1555 1488 fonte
1586 1451 1760 1487 aeterna

171 1523 402 1577 electionis,
426 1529 470 1565 et
490 1522 624 1564 divini
654 1522 872 1578 propositi,
899 1537 952 1563 ex
980 1537 1064 1576 quo
1085 1521 1285 1577 dignatus
1317 1527 1382 1562 est
1403 1535 1478 1562 nos
1506 1534 1657 1562 vocare
1684 1533 1760 1574 per

169 1597 347 1641 verbum
380 1596 606 1652 Evangelii
638 1596 691 1637 ad
721 1595 1061 1651 participandum
1089 1595 1134 1635 in
1170 1594 1342 1637 Christo
1377 1594 1421 1636 vi
1457 1593 1643 1649 Spiritus
1673 1607 1759 1634 sor-

169 1679 258 1715 tem
279 1678 534 1723 sanctorum,
556 1670 583 1711 i.
606 1685 642 1712 e.
663 1669 895 1726 gratuitam
911 1668 1123 1724 justitiam
1150 1675 1193 1710 et
1217 1668 1410 1710 salutem.
1470 1668 1532 1709 Et
1553 1682 1653 1710 sane
1672 1682 1758 1709 non

167 1753 346 1802 possunt
372 1744 564 1787 adhiberi
583 1745 696 1786 faces
718 1743 979 1786 ardentiores
1009 1743 1063 1784 ad
1091 1742 1252 1784 animos
1281 1742 1422 1784 studio
1444 1742 1570 1784 officii
1596 1741 1760 1783 inflam-

167 1821 358 1873 mandos,
400 1834 528 1874 quam
577 1825 795 1860 tantorum
839 1817 1140 1860 beneficiorum
1180 1816 1536 1869 commemoratio,
1577 1830 1758 1871 quorum

167 1895 246 1937 ult.
275 1909 363 1937 ver.
385 1892 613 1949 superioris
640 1908 746 1948 cap„
778 1892 922 1934 Deum
950 1897 1154 1944 autorem,
1186 1906 1234 1933 ac
1264 1891 1440 1946 proinde
1467 1890 1522 1932 ad
1548 1890 1638 1944 ejus
1668 1889 1759 1945 glo·-

167 1969 271 2011 riam
305 1969 539 2022 referenda,
570 1967 802 2023 praemisit.
865 1967 973 2009 Hucv
997 1973 1162 2022 spectat
1192 1966 1355 2008 illativa
1383 1964 1591 2021 particula
1611 1955 1678 2004 οὖν
1703 1979 1757 2006 ex

167 2043 375 2099 superiori
397 2042 590 2085 doctrina
606 2041 721 2084 omni
736 2041 921 2083 inferens
941 2041 1050 2083 hanc
1067 2039 1407 2082 adhortationem
1427 2039 1482 2081 ad
1502 2053 1626 2081 omne
1642 2037 1756 2080 vitae

167 2116 436 2161 Christianae
458 2115 655 2169 officium,
677 2130 764 2157 ver.
786 2117 814 2156 4
836 2122 880 2157 et
902 2116 940 2157 5.
1001 2114 1148 2156 Tertia
1172 2113 1398 2156 illustratio
1418 2128 1494 2169 per
1515 2111 1755 2154 similitudi-

163 2206 264 2234 nem
279 2189 464 2246 corporis
486 2195 530 2232 et
550 2188 848 2231 membrorum.
908 2188 1050 2230 Unius
1071 2187 1256 2243 corporis
1278 2187 1414 2229 multa
1434 2192 1534 2229 sunt
1553 2185 1754 2238 membra,

165 2280 274 2321 quae
296 2264 463 2321 singula
482 2278 580 2306 cum
601 2263 769 2305 diversa
784 2262 883 2316 sint,
897 2262 1085 2305 diversas
1097 2262 1258 2304 habent
1278 2261 1478 2314 actiones,
1500 2267 1544 2302 et
1563 2259 1753 2302 diversas

165 2338 320 2395 agendi
341 2337 580 2380 facultates.
638 2337 932 2379 Membrorum
961 2336 1132 2379 nomine
1161 2342 1304 2392 partes
1328 2334 1512 2391 corporis
1533 2333 1752 2390 organicas

165 2412 295 2456 animi
315 2411 605 2454 functionibus
626 2411 887 2467 exponendis
907 2411 1081 2453 idoneas
1097 2409 1320 2467 significat.
1369 2408 1517 2463 Atque
1533 2408 1638 2450 haec
1657 2422 1753 2464 pro-

163 2486 268 2531 tasis
289 2485 578 2528 similitudinis
598 2501 686 2528 ver.
707 2487 748 2539 4,
769 2485 964 2541 apodosis
988 2500 1077 2527 ver.
1101 2486 1139 2527 5.
1199 2483 1272 2527 Sic
1292 2498 1368 2525 nos
1389 2482 1525 2535 multi,
1547 2488 1752 2537 tanquam

165 2560 355 2604 membra
383 2560 510 2602 unius
537 2559 736 2615 corporis,
767 2559 812 2600 in
842 2559 982 2614 capite
1004 2557 1176 2601 Christo
1206 2571 1376 2599 sumus:
1408 2555 1655 2612 singillatim
1682 2555 1754 2598 alii

163 2636 278 2678 inter
297 2649 342 2677 se
362 2632 540 2676 aliorum
563 2633 766 2686 membra,
787 2633 815 2674 i.
838 2648 874 2675 e.
895 2632 1179 2675 membrorum
1199 2630 1313 2673 inter
1337 2646 1382 2672 se
1407 2629 1595 2672 omnium
1615 2630 1670 2671 ad
1689 2629 1754 2671 in—

165 2708 456 2752 columitatem
489 2706 622 2749 totius
657 2706 856 2762 corporis,
893 2712 937 2748 et
972 2705 1233 2762 singulorum
1267 2704 1552 2747 membrorum
1587 2718 1752 2746 summa
1816 2739 1820 2744 .

165 2781 421 2838 conspiratio
452 2786 530 2834 est,
552 2786 681 2836 atque
712 2779 969 2834 conjunctio.
1030 2777 1172 2831 Quam
1202 2778 1522 2821 similitudinem
1543 2776 1750 2820 divinitus

167 2855 420 2913 explicatam
442 2854 539 2898 vide
558 2855 579 2896 1
605 2853 704 2897 Cor.
726 2869 817 2910 cap.
839 2853 911 2895 xii.
971 2852 1044 2894 Ad
1063 2852 1144 2895 hoc
1163 2859 1213 2895 ut
1240 2852 1370 2895 simus
1396 2852 1496 2895 viva
1514 2851 1640 2906 hujus
1660 2865 1750 2894 cor.-

1004 3056 1021 3068 Φ
