1887 3188
205 217 286 258 386
686 226 1021 258 ARGUMENTUM
1043 227 1312 258 EPISTOLAE.

263 346 467 402 Sequitur
487 339 627 403 γξαφῆ
649 347 737 390 sive
765 348 938 404 scriptio
965 348 1057 404 ipsa
1079 348 1339 400 bimembris,
1368 347 1566 389 nimirum
1593 338 1800 387 διδασκα-

204 412 295 469 Ma,
329 421 534 475 doctrina,
564 428 608 464 et
638 415 914 478 παξάκλησις,
948 423 1215 465 adhortatio:
1262 413 1550 462 Διδασκαλία
1572 422 1660 464 sive
1679 413 1799 478 μέρος

207 486 519 543 διδασκαλικὸν,
552 511 648 551 pars
681 497 916 539 doctrinam
945 497 1172 552 explicans,
1205 504 1270 539 est
1301 497 1353 538 de
1381 497 1517 538 salute
1549 495 1594 537 in
1623 495 1797 538 Christo
1864 520 1868 523 ·

205 585 282 626 per
301 570 586 626 Evangelium
607 571 873 623 (onferenda,
896 586 1021 625 quam
1043 570 1194 626 probat
1215 587 1240 612 a
1267 570 1413 612 salutis
1438 586 1576 623 causa,
1599 583 1706 624 quae
1729 574 1795 610 est

206 659 307 686 vera
321 644 515 699 justitia3
547 643 652 686 haec
673 651 816 686 autem
837 644 1099 700 Evangelica
1119 659 1204 686 non
1224 644 1384 700 legalis,
1410 644 1507 696 Dei,
1531 644 1619 686 sive
1641 643 1797 696 divina,

205 734 291 761 non
304 718 500 771 humana,
514 719 615 760 fidei
628 734 712 760 non
727 734 901 774 operum
909 735 919 768 3
943 718 1042 773 quia
1054 718 1215 774 legalis,
1229 718 1427 770 humana,
1444 733 1619 773 operum
1630 716 1802 771 justitia

208 792 356 845 omnis,
380 792 468 834 sive
492 792 713 845 Gentium,
737 792 825 834 sive
846 792 1127 843 «Iudaeorum,
1151 792 1204 832 ad
1224 791 1361 847 legem
1383 798 1476 833 tum
1495 797 1686 844 naturae,
1706 797 1799 832 tum

207 865 341 908 Mosis
363 866 516 908 collata
537 873 665 921 atque
688 873 849 919 exacta,
873 874 937 908 est
959 881 1074 907 mera
1089 864 1310 920 injustitia,
1334 880 1478 906 omnes
1499 863 1689 906 homines
1710 871 1799 906 tam

209 940 387 993 Gentes,
419 956 546 995 quam
576 941 768 982 Judaeos
799 939 1142 982 condemnationi
1170 939 1339 981 divinae
1368 938 1594 981 subiiciens
1611 955 1622 989 3
1654 954 1680 980 a
1708 954 1799 994 cap.

207 1013 235 1055 i.
274 1016 340 1068 17,
378 1015 432 1056 ad
466 1014 524 1056 iii.
562 1016 630 1056 21.
689 1014 723 1056 J
726 1014 873 1056 ustitia
907 1014 1181 1070 Evangelica,
1218 1013 1315 1067 Dei,
1349 1021 1392 1055 et
1422 1013 1534 1066 fidei,
1566 1013 1800 1056 communis

208 1087 389 1130 Judaeis
404 1095 447 1130 et
463 1088 677 1131 Gentibus
692 1079 970 1144 ‘71'3072772'717655
983 1089 1168 1132 insertur
1179 1104 1250 1132 vv,
1264 1090 1332 1142 21,
1348 1091 1414 1142 22,
1431 1090 1499 1131 23.
1555 1088 1802 1130 Illustratur

202 1161 385 1217 justitia,
408 1161 491 1218 qua
511 1163 596 1204 Dei
625 1170 702 1216 est,
736 1163 979 1206 testimonio
1002 1163 1172 1220 duplici,
1205 1164 1338 1205 altero
1365 1178 1418 1205 ex
1444 1163 1551 1219 lege,
1583 1163 1717 1205 altero
1749 1177 1801 1205 ex

207 1237 425 1293 prophetis
442 1253 511 1280 vv.
530 1238 597 1291 24,
616 1239 684 1291 25,
704 1240 771 1291 26,
790 1236 873 1292 qua
888 1237 1001 1291 fidei,
1025 1254 1093 1281 vv.
1117 1240 1186 1286 27,
1208 1240 1278 1292 28,
1296 1253 1379 1293 qua
1395 1236 1628 1280 communis
1645 1239 1713 1291 29,
1732 1239 1800 1280 30.

208 1311 374 1368 Legem
394 1327 480 1353 non
501 1319 694 1354 evertere
717 1312 896 1354 docetur
910 1312 995 1362 ult.
1017 1328 1058 1354 v.
1118 1312 1364 1354 Illustratur
1393 1311 1497 1354 haec
1526 1311 1801 1368 Evangelica,

208 1385 307 1439 Dei,
327 1385 427 1428 fidei
449 1393 492 1428 et
513 1385 748 1428 communis
763 1386 933 1441 justitia
962 1386 1154 1442 exemplo
1175 1385 1422 1439 Abmhami,
1454 1385 1688 1428 communis
1713 1379 1801 1428 om-

208 1459 326 1501 nium
351 1460 721 1515 justificandorum
742 1460 888 1516 patris,
921 1467 964 1503 et
989 1460 1233 1502 testimonio
1255 1459 1425 1516 duplici,
1448 1460 1580 1502 altero
1609 1476 1661 1503 ex
1690 1460 1798 1517 lege,

208 1533 340 1576 altero
358 1548 410 1576 ex
425 1533 644 1589 prophetis
661 1549 752 1589 cap.
769 1533 825 1576 iv.
861 1533 990 1576 Vnde
1005 1534 1186 1576 infertur
1201 1533 1312 1576 salus
1334 1540 1517 1588 quatuor
1531 1533 1740 1590 capitibus
1756 1549 1797 1576 v.

207 1608 264 1650 vi.
281 1607 353 1651 vii.
369 1607 457 1650 viii.
506 1607 568 1649 Et
585 1607 684 1663 quia
699 1608 858 1664 duplex
867 1607 1049 1663 justitia,
1067 1608 1200 1650 altera
1212 1623 1338 1650 causa
1354 1607 1514 1661 salutis,
1531 1608 1664 1650 altera
1678 1608 1799 1651 testi-

207 1681 409 1736 monium,
431 1697 456 1723 a
470 1681 641 1736 justitia
655 1681 768 1735 fidei,
791 1697 898 1737 quae
915 1697 1041 1724 causa
1063 1688 1139 1735 est,
1160 1682 1340 1724 infertur
1360 1698 1451 1738 cap.
1473 1698 1513 1725 v.
1535 1682 1682 1725 salutis
1703 1698 1798 1740 spes

207 1762 324 1799 certa
351 1771 404 1798 ex
433 1771 537 1812 pace
570 1772 664 1799 cum
699 1756 795 1798 Deo
829 1763 872 1799 et
904 1755 1246 1799 reconciliatione
1276 1772 1385 1812 quae
1419 1763 1484 1800 est
1521 1757 1719 1800 effectum
1754 1764 1799 1800 et

208 1846 348 1874 comes
370 1830 689 1886 justificationis
710 1830 834 1872 fidei:
866 1830 939 1872 Ad
961 1830 1154 1884 salutem,
1181 1830 1355 1886 eiusque
1383 1830 1682 1874 eertitudinem
1709 1838 1797 1874 tam

207 1905 501 1948 illustrandam
523 1920 650 1960 quam
672 1904 1001 1947 confirmandam
1023 1911 1188 1960 spectat
1209 1905 1365 1961 triplex
1385 1905 1593 1962 gloriatio,
1614 1921 1698 1948 una
1720 1905 1799 1948 sub

207 1994 282 2035 spe
302 1978 460 2035 gloriae
476 1979 574 2033 Dei,
597 1994 705 2034 quae
731 1978 846 2020 aliud
866 1978 972 2020 nihil
988 1985 1066 2032 est,
1089 1979 1379 2033 quamsalutis
1400 1979 1637 2031 certitud03
1665 1980 1798 2023 altera

208 2052 254 2094 in
269 2052 580 2106 afflictionibus,
603 2048 687 2108 qua
703 2058 884 2108 augetur
898 2051 1129 2108 patientia3
1160 2059 1215 2106 et,
1238 2059 1363 2095 aucta
1377 2053 1595 2108 patientia,
1617 2060 1798 2110 augetur

210 2125 485 2182 experientia,
507 2141 591 2181 qua
606 2132 732 2168 aucta
748 2132 930 2182 augetur
945 2141 1040 2181 spes
1056 2133 1100 2168 et
1115 2126 1400 2180 confirmatur,
1417 2141 1525 2182 quae
1539 2142 1626 2169 non
1641 2133 1706 2170 est
1722 2127 1798 2169 fal-

207 2200 291 2255 laX,
312 2207 388 2243 aut
543 2200 566 2223 *
588 2215 685 2242 cum
707 2199 871 2256 Spiritu
893 2200 1052 2243 Sancto
1073 2207 1276 2255 tanquam
1296 2200 1528 2242 arrhabone
1549 2199 1798 2258 obsignetur

209 2290 328 2318 amor
341 2274 427 2318 Dei
447 2274 492 2316 in
514 2273 686 2318 Christo
708 2289 808 2331 erga
828 2289 918 2328 nos,
941 2273 1094 2329 quibus
1108 2274 1392 2329 justificandis
1413 2280 1456 2316 et
1476 2274 1796 2318 reconciliandis

209 2364 305 2392 eum
327 2349 372 2391 in
396 2356 576 2392 mortem
607 2348 816 2405 exposuit,
847 2354 898 2390 ut
927 2363 1003 2391 nos
1027 2347 1252 2403 justificati
1279 2354 1322 2390 et
1349 2348 1608 2391 reconciliati
1628 2363 1654 2390 a
1678 2355 1796 2392 metu

208 2423 357 2466 mortis
376 2423 663 2485 liberaremur,
685 2430 730 2465 et
750 2422 841 2466 vita
861 2429 1033 2465 aeterna
1053 2436 1196 2464 secum
1215 2421 1526 2477 perfrueremur
1540 2429 1670 2478 atque
1689 2423 1794 2466 haec

208 2512 378 2553 quoque
399 2503 465 2540 est
485 2497 633 2540 salutis
649 2496 887 2540 certitudo:
918 2495 1065 2548 Tertia
1078 2494 1274 2552 gloriatio
1293 2495 1339 2536 in
1353 2495 1450 2538 Deo
1469 2511 1546 2552 per
1559 2496 1794 2540 Dominum

207 2577 401 2614 nostrum
415 2570 560 2613 Iesum
577 2570 810 2624 Christum,
831 2585 908 2626 per
922 2584 1050 2625 quem
1068 2568 1454 2613 reconciliationem
1473 2570 1619 2627 adepti
1633 2585 1792 2614 sumus.

203 2643 394 2687 Materia
425 2644 635 2701 gloriandi
665 2650 730 2686 est
756 2643 927 2699 justitia
957 2658 1034 2700 per
1063 2642 1282 2686 Christum
1310 2644 1431 2687 nobis
1463 2651 1598 2701 parta,
1631 2651 1676 2688 et
1706 2644 1794 2688 Dei

206 2717 345 2776 gratia
374 2732 452 2775 per
479 2716 687 2774 Spiritum
720 2717 928 2761 Sanctum
956 2716 1079 2761 nobis
1113 2718 1435 2773 communicata,
1472 2734 1580 2775 quae
1613 2718 1791 2762 infinitis

250 2837 269 2857 *¹
288 2836 372 2879 [Hic
386 2834 484 2869 valde
505 2835 646 2868 difficilis
668 2839 719 2867 est
741 2835 883 2877 scriptio,
907 2834 955 2868 ita
975 2839 1013 2866 ut
1036 2834 1117 2876 quid
1139 2834 1316 2868 dicendum
1331 2835 1432 2868 vellet
1454 2841 1569 2868 auctor
1589 2815 1681 2868 hand
1701 2839 1790 2894 certe

205 2889 294 2929 scio5
317 2888 375 2922 sed
390 2888 564 2921 ἕδιτειεεε(ι
576 2887 688 2920 irrita?
690 2886 715 2928 ’]
