1887 3188
689 225 790 254 CAP.
814 225 857 253 V.
884 215 1026 255 15-19.
1576 216 1655 254 451

58 347 166 390 hano
189 346 577 390 dissimilitudinem
607 344 832 399 imparium
861 344 1098 396 collatione,
1132 345 1225 399 plus
1254 360 1376 400 posse
1398 346 1577 401 gratiam
1601 347 1656 386 ad

51 422 266 476 justitiam
288 429 331 464 et
353 421 498 473 vitam,
528 434 657 474 quam
677 424 873 460 naturam
895 418 950 459 ad
970 417 1225 471 injustitiam
1247 426 1290 460 et
1310 427 1505 461 mortem.
1566 420 1656 462 Ubi

57 489 383 552 παραπτώματι
402 494 526 536 unius
542 492 701 534 Adami
719 492 895 548 opponit
911 482 1110 547 χάρισμα
1130 492 1323 544 duorum,
1342 494 1456 547 quod
1473 493 1656 549 gratiam

59 571 156 624 Dei,
189 578 233 613 et
258 571 430 623 donum,
462 569 578 624 quod
606 575 671 609 est
702 583 778 623 per
797 567 980 623 gratiam
1010 566 1136 608 unius
1166 566 1350 608 hominis
1371 567 1469 608 Iesu
1494 567 1657 610 Christi

57 652 197 698 vocat,
228 645 303 686 ubi
324 644 467 686 Deum
490 650 534 685 et
556 642 777 686 Christum
798 641 873 683 uni
893 641 1077 695 Adamo7
1109 641 1292 697 gratiam
1323 648 1367 684 et
1395 642 1554 684 donum
1583 657 1661 696 per

58 720 241 776 gratiam
257 719 332 761 uni
353 718 538 761 offensae
560 717 751 773 opponit.
811 716 964 759 Altera
980 716 1280 759 dissimilitudo
1297 718 1349 759 16
1367 732 1407 758 v.
1428 716 1503 758 ubi
1525 713 1658 772 κρῖμα

60 801 104 836 et
146 786 313 850 δώρημα
349 800 635 850 opponuntur,
677 798 820 834 reatus
861 799 905 834 et
941 792 1099 834 donum
1118 807 1128 840 3
1171 807 1256 833 non
1296 798 1345 832 ut
1386 797 1542 842 reatus,
1584 790 1659 845 qui

60 868 275 925 ingressus
298 875 363 911 est
384 883 460 924 per
479 883 625 920 unum,
648 867 722 922 qui
743 866 949 922 peccavit,
972 866 1130 922 quippe
1152 865 1382 918 Aci-amum,
1409 865 1468 907 sio
1491 857 1657 920 δώρημα

60 943 221 985 donum
256 944 474 985 invectum
516 949 581 984 est
616 957 692 997 per
726 957 872 993 unum,
914 941 988 996 qui
1024 948 1247 996 peceatum
1284 940 1501 996 expiavit3
1544 940 1660 995 quod

61 1017 247 1059 illustrat
267 1016 493 1073 imparium
514 1015 739 1058 collatione
758 1032 767 1056 :
798 1013 929 1071 κρῖμα
952 1022 1094 1057 reatus
1125 1015 1297 1070 quidem
1320 1030 1372 1057 ex
1393 1030 1478 1056 una
1499 1014 1661 1056 offensa

61 1093 117 1135 ad
137 1092 563 1141 condemnationem3
598 1084 796 1146 χάρισμα
827 1105 928 1133 vero
953 1090 1191 1145 (videretur
1215 1089 1444 1131 dicendum
1476 1081 1657 1144 δώρημα,

62 1168 139 1210 sed
154 1183 239 1210 non
261 1167 351 1210 sine
372 1182 499 1210 eausa
515 1166 574 1208 sio
594 1165 784 1221 loquitur
796 1164 1052 1221 Apostolus)
1071 1164 1235 1207 introiit
1252 1179 1305 1206 ex
1320 1163 1466 1206 multis
1488 1163 1660 1206 offensis

63 1242 118 1284 ad
147 1241 499 1296 justificationem
516 1257 526 1290 3
563 1240 632 1282 hie
667 1240 743 1282 uni
778 1239 962 1282 offensae
997 1240 1139 1295 plures
1175 1238 1365 1295 opponit,
1403 1245 1447 1280 et
1484 1230 1660 1294 κρίματι

63 1309 273 1372 χάρισμα,
307 1323 351 1358 et
379 1307 678 1370 κατακρίματι
705 1306 920 1369 δικαίωμα
941 1327 951 1361 ;
986 1314 1031 1355 in
1052 1314 1206 1369 quibus
1229 1313 1373 1356 videre
1395 1321 1473 1366 est,
1506 1313 1660 1367 omnia,

64 1406 173 1446 quae
193 1390 357 1448 gratiae
380 1397 423 1432 et
446 1389 608 1433 Christi
629 1396 741 1442 sunt,
775 1388 1010 1431 efficaciora
1032 1403 1135 1442 esse,
1159 1403 1287 1443 quam
1308 1403 1417 1443 quae
1438 1387 1598 1429 Adami
1620 1396 1663 1430 et

64 1472 269 1516 naturae3
303 1471 434 1520 atque
463 1464 544 1506 hoe
575 1463 760 1505 illustrat
790 1479 903 1505 nova
933 1463 1158 1505 collatione
1189 1462 1414 1518 imparium
1439 1464 1489 1504 17
1514 1478 1554 1504 v.
1616 1461 1664 1505 Si

65 1555 151 1583 una
171 1540 332 1583 offensa
351 1555 464 1582 mors
485 1538 683 1595 regnavit
703 1553 780 1594 per
800 1553 946 1591 unum⁷
973 1544 1135 1593 quanto
1155 1537 1304 1593 magis,
1328 1543 1410 1580 ete.
1470 1536 1562 1579 Ubi
1582 1537 1666 1579 tria

65 1614 203 1658 tribus
224 1620 510 1671 opponuntur,
543 1620 586 1656 et
610 1613 774 1669 gratiae
796 1628 923 1668 supra
943 1619 1139 1654 naturam
1162 1611 1349 1654 efficacia
1369 1612 1664 1667 amplificatur.

67 1690 159 1733 Uni
179 1690 364 1733 offensae
386 1688 616 1745 opponitur
637 1687 939 1730 exuberantiae
960 1687 1124 1743 gratiae
1145 1677 1367 1742 περισσεία,
1393 1692 1436 1728 et
1458 1686 1560 1728 doni
1574 1686 1666 1741 jus-

69 1764 203 1819 titiae,
225 1779 334 1820 quae
351 1770 416 1806 est
431 1762 688 1819 periphrasis
703 1753 974 1818 χαρίσματος
996 1769 1039 1804 et
1061 1754 1315 1818 δωρῆματος,
1343 1776 1451 1817 quae
1469 1761 1666 1817 exposuit

66 1839 112 1881 in
132 1845 332 1882 concreto
352 1839 408 1880 ad
427 1838 631 1892 majorem
656 1837 888 1894 emphasin,
911 1831 953 1876 οἱ
971 1829 1212 1893 περισσείαν,
1247 1843 1328 1879 ete.
1354 1829 1663 1892 λαμβάνοντες,

68 1920 119 1957 ut
151 1913 457 1970 significentur,
484 1913 712 1968 justificati
743 1913 824 1956 hoo
857 1913 969 1955 dono
995 1912 1192 1968 justitiae
1208 1928 1219 1962 3
1251 1911 1422 1954 Adamo
1454 1911 1665 1965 Christus,

68 2003 251 2046 regnum
274 1987 423 2031 mortis
444 2003 576 2044 regno
597 1987 726 2030 vitae.
785 1987 934 2043 Atque
962 1987 1169 2030 hactenus
1190 1987 1414 2040 contraria,
1447 1986 1669 2029 dissimilia.

69 2070 200 2119 atque
220 2062 398 2119 imparia
427 2069 604 2104 naturae
633 2069 676 2104 et
700 2062 878 2118 gratiae.
937 2061 1056 2104 Hine
1083 2061 1214 2104 infert
1235 2061 1491 2117 explicatam
1521 2061 1669 2104 simili-

69 2136 277 2190 tudinem,
297 2138 349 2180 18
367 2152 409 2179 v.
460 2135 583 2179 Sicut
599 2135 732 2192 igitur
747 2151 823 2192 per
838 2151 966 2177 unam
983 2135 1186 2178 offensam
1206 2135 1318 2191 (sub.
1334 2133 1506 2192 κρῖμα,)
1523 2142 1667 2179 reatus

70 2209 228 2254 invasit
244 2225 390 2253 omnes
411 2209 603 2252 homines
620 2210 675 2251 ad
690 2210 1112 2260 condemnationem3
1140 2209 1199 2252 sio
1212 2224 1290 2266 per
1301 2225 1434 2252 unum
1451 2202 1668 2266 δικαίωμα

65 2284 355 2341 justificamen
387 2284 519 2327 subiit
552 2276 719 2340 δώρημα
754 2285 798 2326 in
831 2300 977 2328 omnes
1007 2284 1201 2327 homines
1234 2284 1290 2326 ad
1314 2284 1669 2340 justificationem

72 2361 202 2404 vitae.
262 2360 350 2404 Hic
370 2360 664 2403 subaudienda
684 2367 784 2403 sunt
803 2357 950 2416 κρῖμα,
974 2366 1017 2402 et
1038 2359 1154 2414 quod
1175 2358 1214 2401 ei
1235 2358 1465 2414 opponitur
1485 2350 1667 2415 δώρημα,

75 2441 120 2478 et
139 2427 465 2491 παραπτώματι
490 2427 706 2490 δικαίωμα
741 2435 971 2492 opponitur
994 2435 1048 2476 ad
1076 2433 1278 2489 majorem
1309 2432 1553 2487 efficaciam,
1584 2449 1671 2476 non

76 2501 244 2566 δώρημα
264 2515 340 2551 aut
357 2504 570 2566 χοῖρισμα,
600 2517 650 2552 ut
670 2525 810 2566 supra,
843 2515 887 2552 et
915 2499 1215 2565 κατακρίματι
1245 2523 1329 2551 non
1360 2499 1590 2563 δικαίωμα,
1622 2513 1673 2550 ut

76 2597 217 2640 supra,
248 2583 325 2626 sed
345 2573 551 2622 δικαίωσιν
575 2576 677 2638 ζωῆς
697 2584 876 2640 opponit
895 2584 951 2626 ad
970 2583 1172 2638 majorem
1204 2582 1438 2638 emphasim
1454 2598 1466 2632 ;
1484 2578 1572 2625 'ubi
1599 2582 1675 2625 ob-

76 2673 200 2705 serva
233 2657 279 2699 in
317 2657 492 2714 apodosi
525 2665 672 2701 notam
706 2658 895 2701 universi
928 2657 1097 2716 generis
1137 2651 1192 2704 εἰς
1230 2652 1401 2702 πᾶντας
1440 2649 1674 2713 ἀνθρώπους

76 2731 280 2789 restringi
319 2731 374 2774 ad
413 2731 584 2786 eleetos,
625 2740 774 2776 eontra
813 2749 943 2790 quam
982 2740 1176 2776 asserunt
1218 2731 1468 2775 universalis
1507 2730 1672 2787 gratiae

76 2806 260 2865 patroni,
291 2808 345 2850 19
373 2821 430 2860 v„
455 2805 589 2849 altera
618 2807 852 2851 similitudo
883 2807 1143 2864 superiorem
1172 2807 1426 2851 confirmans
1454 2821 1480 2848 a
1506 2805 1672 2856 causis;

78 2882 190 2926 sieut
206 2880 319 2925 enim
334 2895 411 2938 per
424 2880 772 2935 inobedientiam,
789 2889 872 2925 ete.
931 2881 1023 2924 Ubi
1043 2880 1287 2925 obedientia
1308 2887 1352 2923 et
1372 2879 1675 2934 inobedientia,

788 2958 812 2998 2
835 2968 863 2998 F
885 2958 910 2998 2
