1887 3188
190 190 214 228 4
222 190 245 230 5
252 190 275 230 6
852 197 1234 239 COMMENTARms,

199 327 344 363 manat
365 320 418 361 ad
439 320 729 376 perimendam
750 321 914 376 peccati
934 322 1034 375 vim,
1057 328 1101 364 et
1122 320 1313 377 vigorem
1343 319 1536 362 vividum
1566 318 1791 361 sanctimo-

200 395 297 437 niae
317 394 439 436 nobis
460 394 765 449 instillandum,
788 411 872 451 quo
892 411 969 439 nos
992 396 1164 439 Christo
1185 395 1316 452 capiti
1336 394 1572 438 conformes
1591 393 1637 435 in
1652 401 1788 436 morte

205 476 248 512 et
280 469 371 512 vita
394 469 634 512 reddamur.
694 470 796 512 Non
816 470 1080 526 particulam,
1101 461 1255 509 Ἀλλοι
1278 461 1369 517 καὶ,
1403 470 1514 513 Sane
1546 476 1602 523 et,
1634 469 1789 511 deinde

207 543 385 600 ellipsin,
417 543 497 586 viz.
527 539 586 599 τῷ
612 536 831 600 ὁμοώματι
856 541 929 591 τῆς
948 538 1226 593 ἀναστάσεως,
1249 546 1329 588 viz.
1361 538 1573 600 σὺμφυτοι
1598 535 1787 599 ἐσόμεθα,

203 619 231 660 i.
254 634 291 660 e.
317 619 598 661 coalescemus
629 619 962 661 conformatione
992 619 1325 661 resurrectionis.
1384 619 1586 674 Explicat
1616 634 1656 660 V.
1690 620 1715 661 6
1746 624 1790 660 et

205 696 243 746 7,
260 693 630 735 mortificationem
644 693 822 748 peccati,
836 693 1189 735 resurrectionem
1201 693 1302 735 novi
1315 692 1509 745 hominis,
1524 695 1564 746 8,
1582 695 1622 746 9,
1638 694 1705 745 10,
1721 693 1788 745 11,

204 774 393 809 veterem
413 767 629 809 hominem
650 782 806 809 vocans
826 782 903 809 nos
925 774 973 808 ut
1002 773 1155 809 natura
1175 767 1364 822 corrupti
1385 781 1542 820 sumus,
1564 781 1672 821 quae
1702 781 1793 807 cor-

204 841 346 897 ruptio
367 856 464 883 cum
487 840 659 884 Christo
680 841 881 884 crucifixa
901 842 956 883 ad
971 841 1174 884 naturalis
1191 841 1437 884 vitiositatis
1451 841 1650 893 radicem,
1667 855 1794 895 quam

204 931 356 971 corpus
376 915 542 971 peccati
572 922 710 969 vocat,
743 916 1030 968 evertendam,
1063 917 1237 971 ejusque
1268 916 1355 958 vim
1386 923 1429 958 et
1460 914 1720 957 inefficacem
1751 919 1795 956 et

206 989 384 1031 otiosam
405 989 694 1039 reddendam3
724 989 805 1032 hoc
834 998 898 1032 est
928 983 1188 1046 καταξγῇθη,
1220 1006 1274 1033 ne
1295 990 1474 1046 amplius
1506 995 1682 1045 peccato
1712 1003 1797 1049 ser-

206 1063 383 1116 viamus,
404 1064 432 1105 i.
455 1079 490 1105 e.
512 1064 625 1106 ultro
647 1071 690 1106 et
716 1072 867 1120 sponte
888 1066 1074 1121 peccatis
1095 1065 1403 1121 indulgeamus.
1464 1063 1691 1106 Rationem
1723 1062 1797 1104 ad-

206 1139 270 1180 dit
291 1154 332 1180 v.
356 1142 393 1191 7,
417 1154 441 1179 a
462 1145 576 1180 statu
598 1139 755 1180 mortui
785 1139 979 1192 hominis,
1002 1140 1076 1195 qui
1105 1140 1284 1195 amplius
1314 1154 1489 1195 peccare
1521 1153 1607 1180 non
1637 1143 1794 1193 potest.

206 1213 298 1255 Nos
321 1228 465 1255 sumus
496 1213 653 1255 mortui
682 1220 871 1269 peccato,
894 1214 961 1256 vel
993 1215 1107 1269 quod
1141 1214 1256 1256 idem
1293 1220 1369 1267 est,
1400 1219 1623 1269 peccatum
1656 1218 1722 1254 est
1751 1210 1796 1252 in

205 1288 327 1330 nobis
348 1294 575 1341 mortuum,
597 1303 706 1329 vers.
729 1304 866 1343 super.
885 1305 895 1339 3
926 1288 1044 1345 Ergo
1066 1305 1091 1330 a
1113 1288 1285 1332 Christo
1312 1288 1399 1330 vim
1430 1287 1682 1342 accepimus,
1714 1300 1798 1341 qua

209 1362 258 1403 fit
278 1377 332 1403 ne
353 1368 528 1417 peccato
550 1362 780 1404 serviamus
806 1363 999 1418 amplius.
1059 1363 1213 1405 Utitur
1242 1363 1372 1405 verbo
1405 1353 1681 1408 δεδικαίωται,
1707 1361 1799 1416 jUS-

206 1435 392 1478 tificatus
414 1442 491 1488 est,
512 1451 589 1491 pro
609 1435 812 1478 liberatus
834 1444 911 1490 est,
934 1437 1210 1480 similitudine
1241 1443 1410 1493 sumpta
1442 1452 1467 1479 a
1499 1437 1795 1478 damnatorum

209 1509 424 1566 suppliciis
439 1509 492 1551 ob
509 1510 726 1564 maleficia,
742 1511 1067 1566 quiinterventu
1074 1512 1221 1554 mortis
1237 1511 1443 1554 maleficio
1451 1510 1795 1554 submoventur.*

208 1585 261 1626 In
284 1584 498 1640 superiore
520 1584 808 1640 disputatione
823 1585 1058 1640 justificare
1078 1586 1160 1628 fuit
1181 1586 1398 1628 absolvere
1419 1602 1444 1627 a
1463 1585 1629 1641 peccati
1648 1590 1795 1627 reatu:

208 1659 277 1702 hic
300 1674 399 1701 vero
413 1659 648 1714 justificare
680 1665 757 1712 est,
779 1659 832 1701 ab
862 1660 954 1715 ipso
989 1667 1164 1716 peccato
1200 1667 1244 1703 et
1276 1660 1480 1716 peccandi
1513 1659 1719 1701 maleficio
1755 1664 1798 1700 et

209 1733 478 1790 proclivitate
497 1733 690 1776 liberare.
749 1734 1095 1777 Vivificationem
1116 1735 1290 1777 deducit
1310 1734 1363 1776 ab
1379 1734 1457 1776 hac
1473 1733 1799 1776 mortificatione

210 1825 263 1851 ex
284 1808 579 1851 communione
600 1824 697 1851 cum
724 1808 897 1852 Christo
927 1816 1178 1866 argumento
1208 1809 1400 1865 parium:
1434 1808 1480 1851 Si
1515 1807 1673 1851 mortui
1701 1822 1799 1850 cum

211 1883 398 1937 Christo,
420 1883 613 1926 vivemus
634 1898 731 1926 cum
754 1882 939 1937 Christo,
961 1900 1002 1926 v.
1025 1886 1064 1937 8,
1089 1884 1117 1925 i.
1140 1899 1176 1926 e.
1201 1899 1288 1926 non
1307 1883 1487 1939 amplius
1508 1882 1734 1925 moriemus
1753 1881 1800 1923 in

211 1958 409 2015 peccatis,
431 1958 545 2013 quod
566 1957 718 2013 probat
738 1973 814 2014 per
835 1957 998 2001 Christi
1026 1958 1377 2001 resurrectionem
1407 1957 1452 1999 in
1483 1957 1618 2000 vitam
1647 1955 1802 2012 sempi-

211 2039 389 2086 ternam,
412 2032 486 2088 qui
506 2032 635 2074 semel
656 2039 831 2088 peccato
861 2039 1067 2086 mortuus,
1089 2032 1269 2089 amplius
1289 2047 1375 2075 non
1394 2031 1586 2085 moritur,
1608 2031 1684 2074 sed
1703 2030 1799 2073 Deo

212 2121 378 2162 semper
398 2105 519 2160 vivit,
541 2106 818 2149 consimiliter
837 2107 1034 2149 hortatur
1052 2123 1129 2150 nos
1144 2114 1321 2163 peccato
1341 2113 1530 2150 mortuos
1545 2106 1642 2148 Deo
1656 2105 1799 2148 vivere

212 2196 266 2223 ex
305 2180 590 2223 membrorum
632 2187 676 2223 et
711 2181 862 2237 capitis
898 2181 1122 2224 collatione
1158 2188 1202 2224 et
1233 2181 1580 2224 conformatione.
1650 2178 1799 2234 Atque

213 2255 420 2298 hactenus
445 2254 528 2297 fuit
548 2255 742 2298 doctrina
763 2255 1123 2309 sanctificationis,
1145 2271 1254 2311 quae
1277 2261 1422 2297 manat
1451 2270 1476 2296 a
1504 2260 1642 2296 morte
1662 2259 1708 2296 et
1735 2268 1801 2296 re-

213 2329 474 2372 surrectione
497 2329 672 2383 Christi,
693 2345 779 2372 non
810 2345 930 2372 secus
960 2337 1090 2386 atque
1114 2329 1377 2385 justificatio,
1400 2335 1443 2371 et
1474 2327 1573 2383 quia
1601 2327 1706 2371 haec
1735 2327 1800 2370 in-

213 2411 376 2447 staurat
396 2404 440 2446 in
461 2404 584 2447 nobis
604 2404 801 2446 amissam
823 2404 1094 2447 sanctitatem
1111 2411 1155 2447 et
1169 2403 1397 2460 justitiam,
1414 2417 1511 2445 cum
1526 2402 1560 2445 J
1561 2402 1694 2445 acobo
1707 2402 1800 2458 jus-

212 2477 488 2520 tificationem
509 2477 767 2532 vocavimus,
790 2484 834 2521 et
865 2485 914 2520 ut
935 2493 1062 2534 supra
1081 2477 1265 2520 diximus
1294 2476 1339 2518 in
1359 2476 1437 2518 ult.
1458 2492 1500 2519 v.
1521 2491 1613 2533 cap.
1633 2476 1691 2519 iv.
1705 2477 1798 2532 jus-

211 2551 490 2595 tificationem
509 2558 698 2594 nostram
715 2567 740 2594 a
754 2551 891 2594 Paulo
912 2551 1067 2606 vocari,
1085 2558 1129 2594 et
1148 2550 1402 2594 beneficium
1422 2551 1502 2594 hoc
1518 2551 1622 2594 item
1636 2550 1798 2608 gratui-

212 2632 306 2669 tum
321 2625 408 2668 Dei
422 2640 448 2667 a
464 2624 626 2668 Christi
645 2625 953 2671 resurrectione
972 2625 1198 2682 praecipue
1218 2625 1405 2680 deducit,
1421 2632 1472 2668 ut
1491 2625 1672 2669 alterum
1691 2625 1798 2668 illud

209 2699 527 2756 justificationis
556 2698 657 2741 fidei
688 2699 777 2741 sive
811 2699 1069 2742 remissionis
1097 2706 1370 2755 peccatorum
1399 2716 1425 2742 a
1453 2707 1590 2743 morte
1620 2699 1799 2745 derivat,

215 2774 261 2817 N
263 2789 346 2818 uno
367 2789 468 2818 vero
488 2773 627 2830 posita
648 2773 840 2816 doctrina
869 2772 1214 2816 sanctificat-ionis
1236 2775 1434 2817 admovet
1455 2773 1800 2817 adhortationum

788 2855 810 2879 '¹‘
826 2855 913 2888 Vide
930 2856 1166 2889 Camerarium.
