1887 3188
733 208 835 238 CAP.
859 210 908 238 11.
934 199 1076 240 13-17.
1613 199 1696 242 427

106 346 203 373 cum
224 330 487 374 circumcisio
518 329 678 386 obliget
709 329 763 370 ad
793 329 932 384 legem
964 329 1227 381 servandam,
1251 344 1378 383 quam
1409 329 1469 370 illi
1490 345 1586 372 cum
1618 330 1703 372 Dei

106 413 151 448 et
190 404 223 447 J
226 404 405 447 udaismi
445 403 679 460 ignominia
718 403 1105 459 transgrediuntur.
1183 402 1313 455 Quod
1352 404 1505 459 probat
1555 405 1701 447 divino

106 478 352 535 Scripturae
373 478 530 520 veteris
552 477 810 520 testimonio.
870 477 924 519 In
954 477 1261 533 praerogativis
1292 477 1428 533 prima
1459 485 1524 520 est
1545 494 1703 535 cogno-

103 559 295 595 mentum
326 552 360 594 J
364 552 500 605 udaei‚
532 552 812 595 honorificum
843 567 944 594 sane
974 552 1081 593 illud
1110 559 1285 608 propter
1315 552 1474 594 tribum
1502 553 1535 594 J
1538 554 1634 606 uda,
1657 560 1702 596 et

101 642 282 684 regnum
298 627 343 668 in
361 643 411 670 ea
426 627 554 681 tribu,
573 634 616 669 et
633 627 860 680 Davidem,
877 627 991 669 unde
1008 626 1190 668 Messias
1207 626 1410 669 oriundus
1426 643 1435 668 ε
1458 627 1563 669 dicti
1583 628 1700 683 prius

101 701 323 744 Israelitae
345 701 398 743 ab
419 701 590 754 Israele,
614 708 658 743 et
679 701 870 743 Hebraei
890 702 943 743 ab
966 701 1166 750 Heber03
1199 702 1274 743 sed
1295 701 1471 743 tertium
1492 701 1598 743 illud
1618 701 1651 744 J
1655 718 1702 743 u-

102 776 198 819 daei
218 791 375 818 nomen
392 783 435 818 et
449 784 591 818 cetera
612 776 753 818 omnia
769 776 1105 832 comprehendit,
1128 783 1171 818 et
1193 776 1362 818 divinae
1383 776 1520 818 laudis
1542 776 1702 832 profes-

100 866 252 904 sorem,
275 858 319 893 et
340 851 676 906 praedicatorem
698 857 899 903 ostentat,
918 858 960 892 et
983 857 1074 892 erat
1096 865 1145 892 ea
1165 857 1306 893 aetate
1328 866 1550 893 commune
1568 851 1703 893 omni-

101 925 181 968 bus
202 925 421 978 Israelitis,
441 932 484 968 et
500 925 592 967 aliis
611 924 826 968 Gentibus
843 925 1125 967 notissimum.
1186 926 1270 978 2da,
1287 925 1384 967 Lex
1401 926 1503 981 ipsa,
1522 926 1590 968 cui
1607 942 1702 968 sua-

101 1000 214 1043 viter
235 1007 279 1042 et
300 1015 446 1042 secure
468 1000 588 1054 quasi
609 999 914 1041 indormientes
935 1000 978 1040 in
1001 1015 1051 1042 ea
1071 999 1411 1054 acquiescebant,
1434 1001 1508 1042 sed
1529 1001 1700 1043 nomine

101 1082 240 1118 tenus.
302 1076 362 1127 3⁵²,
396 1074 527 1127 Deus,
551 1074 624 1129 qui
645 1074 881 1116 Abrahami
912 1074 1061 1127 Isaaci,
1083 1074 1251 1128 Jacobi,
1275 1081 1404 1129 atque
1426 1076 1532 1118 adeo
1553 1076 1700 1132 populi

99 1150 227 1205 hujus
248 1149 391 1191 Deum
413 1164 458 1190 se
488 1148 693 1203 nominat,
717 1155 760 1191 et
790 1148 960 1191 foedere
991 1156 1117 1205 pacto
1151 1165 1248 1191 cum
1280 1149 1331 1191 iis
1363 1150 1556 1192 habitare
1578 1150 1699 1206 quasi

98 1240 298 1282 praesens
323 1223 569 1278 aspectabili
593 1224 718 1265 modo
740 1224 941 1279 dignatus
971 1231 1049 1265 est.
1109 1224 1330 1266 Notentur
1349 1225 1527 1280 grandia
1549 1232 1592 1267 et
1613 1226 1699 1282 sig-

95 1305 198 1340 nata
218 1297 348 1340 verba
367 1290 619 1353 ἐπονομάζῃ,
644 1291 912 1346 ἐπαναποίυη,
945 1292 1174 1352 καυχᾶσαι
1201 1315 1277 1355 pro
1298 1293 1466 1353 καυχοῖ.
1526 1302 1588 1353 422,
1617 1300 1697 1341 Di-

98 1373 224 1415 vinae
257 1373 491 1415 voluntatis
526 1373 693 1426 notitia,
725 1388 854 1428 quam
885 1373 1064 1416 oraculis
1097 1381 1142 1416 et
1175 1374 1487 1429 Prophetarum
1520 1374 1696 1417 vocibus

95 1447 343 1489 familiarius
364 1447 462 1489 huic
483 1447 641 1502 populo
671 1447 974 1490 manifestavit.
1037 1450 1096 1501 52,
1127 1448 1316 1491 Videtur
1336 1448 1434 1491 huic
1456 1449 1592 1492 affinis
1624 1465 1697 1492 ex-

95 1522 276 1579 ploratio
298 1528 342 1564 et
363 1521 612 1576 dijudicatio
633 1538 792 1576 eorum,
815 1538 924 1577 quae
955 1538 1052 1565 cum
1083 1523 1229 1565 divina
1257 1524 1353 1580 lege
1374 1531 1581 1580 pugnant,
1613 1524 1696 1566 nisi

93 1595 230 1638 mavis
257 1587 516 1652 διαφὲξοντοι,
542 1595 826 1651 praestabilia,
859 1596 1014 1638 eximia
1045 1603 1089 1638 et
1119 1597 1396 1640 selectissima
1415 1613 1610 1653 quaeque
1641 1614 1695 1641 ex

94 1677 240 1713 mente
259 1670 293 1713 J
295 1672 527 1712 udaeorum
548 1670 802 1727 significari:
823 1670 933 1712 hanc
955 1686 1253 1726 quamcunque
1269 1671 1518 1727 explorandi
1534 1680 1578 1715 et
1598 1689 1694 1729 pro-

95 1745 227 1788 bandi
247 1745 494 1787 facultatem
517 1760 570 1787 ex
590 1745 809 1787 auditione
838 1745 946 1802 legis
971 1745 1070 1788 viva
1099 1761 1204 1788 voce
1234 1747 1418 1789 traditae
1448 1746 1548 1802 (hoc
1579 1748 1694 1790 enim

93 1819 187 1862 vult
216 1815 550 1875 κατηχοῦμιενος)
573 1818 797 1861 collectam
817 1818 957 1861 docet.
1017 1817 1089 1860 Ex
1109 1818 1188 1861 hac
1210 1819 1414 1862 scientiae
1433 1819 1581 1876 legalis
1598 1836 1693 1876 per-

93 1893 290 1936 suasione
311 1901 549 1949 sequuntur
564 1892 743 1935 fastuosi
763 1892 880 1935 tituli
900 1899 1096 1948 quatuor,
1118 1893 1274 1948 quibus
1296 1893 1377 1935 sibi
1397 1894 1692 1951 magisterium

93 1968 275 2025 superbe
295 1968 340 2010 in
361 1968 478 2022 alios,
500 1975 705 2023 tanquam
725 1967 894 2023 ignaros
917 1973 960 2010 et
984 1982 1132 2010 caecos
1153 1967 1436 2022 tenebriones,
1459 1976 1503 2011 et
1532 1969 1693 2026 impru-

91 2043 244 2086 dentes
278 2043 462 2084 infantes
498 2041 797 2084 vendicabant.
871 2041 973 2084 Huc
1014 2048 1211 2097 spectant
1243 2043 1416 2085 nomina
1454 2043 1688 2099 Pharisaei,

89 2108 262 2174 νομικοὶ,
295 2109 663 2173 νομοδιδάσκαλοι,
687 2114 971 2173 «γραμματεῖς,
998 2116 1152 2170 Rabbi,
1179 2116 1394 2171 Rabbinu,
1417 2117 1689 2172 Rabbotenu,

89 2193 190 2236 vide
211 2193 352 2235 Math.
372 2192 492 2234 xxiii.
514 2192 569 2234 ad
589 2197 695 2248 quos
719 2198 769 2234 ut
788 2191 929 2248 legem
949 2191 1122 2234 edoctos
1144 2197 1188 2233 et
1207 2191 1315 2248 legis
1336 2192 1544 2246 doctores,
1571 2193 1692 2247 cujus

90 2268 325 2311 tradendae
340 2267 591 2310 methodum
613 2273 658 2309 et
678 2265 790 2308 viam
811 2265 1188 2322 compendiariant,
1206 2265 1476 2322 superciliose
1497 2266 1692 2309 venditae

91 2341 210 2396 bant,
229 2342 276 2384 hi
296 2349 481 2398 quatuor
500 2340 630 2395 tituli,
659 2355 840 2396 quorum
871 2340 956 2383 duo
986 2339 1279 2396 metaphorici,
1310 2346 1354 2383 et
1384 2340 1565 2383 totidem
1596 2355 1692 2396 pro-

91 2415 195 2472 priis
215 2415 356 2458 verbis
372 2415 573 2471 expressi,
590 2413 862 2471 peculiariter
876 2413 1276 2465 accommodantur3
1298 2414 1395 2457 ideo
1415 2414 1521 2458 dicit
1537 2407 1690 2469 ἔχοντα

89 2481 160 2537 τὴν
183 2481 387 2546 μόξφωσιν
402 2486 475 2538 τῆς
490 2483 670 2544 γνώσεως
692 2481 770 2529 καὶ
792 2485 866 2536 τῆς
881 2480 1078 2536 οἱληθὲιας
1097 2497 1109 2528 :
1143 2488 1274 2531 Unde
1291 2487 1426 2531 videri
1440 2495 1585 2544 potest
1599 2503 1690 2532 cer-

91 2573 182 2608 tam
212 2565 445 2608 tradendae
474 2565 582 2622 legis
612 2565 734 2621 quasi
755 2563 1059 2621 praescriptam
1080 2562 1304 2607 formulam
1330 2569 1423 2606 tum
1446 2562 1492 2604 in
1520 2563 1691 2606 illorum

92 2639 324 2699 synagogis
359 2638 675 2694 frequentatam
704 2639 847 2682 ffiisse.
908 2638 1073 2696 Magna
1102 2637 1314 2695 emphasis
1345 2643 1390 2681 et
1425 2636 1612 2681 efficacia
1645 2637 1691 2679 in

91 2713 311 2771 particulis
341 2705 400 2753 ι’δέ
423 2723 490 2761 συ,
523 2720 567 2757 et
600 2714 881 2771 apostrophe3
914 2721 1044 2770 atque
1073 2712 1179 2758 haec
1209 2712 1264 2756 de
1293 2711 1614 2769 praerogativis,
1644 2707 1691 2756 et

89 2787 250 2832 inflatis
271 2787 423 2842 titulis,
448 2803 489 2831 v.
511 2789 580 2841 21,
607 2788 838 2832 refutat-io:
871 2787 961 2842 Qui
989 2787 1124 2847 igitur
1147 2788 1286 2841 deceta
1309 2793 1391 2830 etc.
1450 2786 1689 2844 Vulgatum

92 2869 171 2917 est,
194 2863 359 2918 “turpe
375 2868 441 2906 est
457 2861 634 2916 doctori,
651 2863 757 2906 etc.''
807 2862 1098 2920 Interrogatio
1114 2870 1180 2907 est
1195 2862 1265 2905 hic
1281 2876 1380 2905 cum
1395 2860 1688 2918 admiratione.
