1887 3188
178 196 259 238 398
801 210 982 241 CAP1T1s
1003 209 1139 241 Pmmr

174 333 248 367 aut
265 325 463 368 similium
480 329 792 385 comparatione
809 347 820 380 3
843 331 975 373 altera
991 329 1279 372 similitudinis
1299 336 1402 372 nota
1422 340 1441 367 0
1456 319 1480 368 ὖ
1493 339 1520 368 ‘t‘
1532 342 1562 368 ω
1586 320 1762 369 ἔλλέιπέι

172 398 241 441 hic
272 392 307 439 ἐν
332 391 539 455 ἀποδόσει,
561 410 610 444 ut
632 404 776 445 statim
797 411 946 459 postea
966 405 1009 445 in
1030 396 1224 460 προτάσει
1248 416 1276 442 κ
1291 417 1319 443 α
1335 396 1399 443 θα)
1411 415 1442 449 ς.

229 548 286 592 V.
302 552 368 592 14.
390 551 588 593 Alterum
603 559 901 608 argumentum
915 552 967 594 ab
989 553 1190 607 adjuncto
1204 569 1298 595 aere
1320 553 1469 607 alieno,
1484 568 1568 608 quo
1582 552 1764 596 obstrin-

170 623 288 680 gitur
301 626 495 668 omnibus
509 626 696 668 omnium
710 627 903 682 gentium
918 627 1135 668 ordinibus
1152 627 1260 682 (sive
1276 627 1418 683 graeci
1439 628 1537 681 sint,
1560 628 1649 670 sive
1669 627 1764 670 bar-

171 698 281 740 bari:
304 700 392 742 sive
408 700 619 755 sapientes
639 700 706 754 (ut
725 700 946 743 Gallorum
962 701 1163 754 Druides,
1180 700 1492 756 Aegyptiorum
1508 702 1761 754 sacerdotes,

169 772 396 815 Persarum
412 774 547 830 Magi,
564 774 875 816 Chaldaeorum
891 774 1174 827 Genethliaci,
1196 774 1400 816 Indorum
1414 774 1701 816 Brachmanes
1718 781 1762 817 et

171 846 580 903 Gymnosophistae)
604 848 693 890 sive
714 848 962 903 insipientes
980 855 1023 890 et
1038 848 1219 901 Idiotae,
1237 848 1338 902 etc.)
1355 849 1468 903 quod
1486 848 1634 890 itidem
1647 849 1764 891 illus-

168 928 254 963 trat
271 921 469 963 similium
491 929 565 964 aut
585 922 749 978 parium
766 923 1051 975 contentione,
1075 938 1158 977 qua
1175 937 1293 964 suam
1310 929 1602 977 expromptam
1619 922 1765 965 alacri-

167 1001 301 1036 tatem
316 995 370 1036 ad
382 995 712 1050 praedicandum
729 996 933 1038 Romanis
949 996 1234 1052 Evangelium
1250 995 1404 1052 arguit,
1421 987 1470 1046 «τό
1483 986 1580 1036 κατ’
1601 987 1672 1052 ἐμὲ
1689 997 1763 1039 ad-

168 1068 245 1122 dit,
278 1085 361 1124 quo
382 1070 543 1112 indicet
564 1070 721 1126 scripto
743 1086 787 1113 se
808 1086 920 1113 nunc
942 1065 1091 1124 facere,
1113 1071 1228 1126 quod
1249 1070 1348 1112 viva
1367 1085 1471 1113 voce
1491 1086 1576 1113 non
1606 1077 1764 1127 potest.

167 1143 316 1199 Atque
332 1144 437 1187 haec
454 1151 519 1187 est
535 1145 669 1186 altera
688 1145 905 1187 doctrinae
926 1145 1156 1187 tradendae
1172 1144 1280 1186 ratio
1297 1144 1528 1200 apostolica
1543 1160 1618 1200 per
1633 1145 1764 1201 scrip-

167 1223 308 1259 turam
328 1217 445 1260 Novi
466 1217 756 1268 Testamenti3
780 1234 864 1273 qua
885 1234 928 1260 se
949 1218 1175 1274 profitetur
1195 1210 1576 1274 ἓυαγγελίζεσὲαι,
1595 1234 1649 1261 ne
1665 1218 1760 1274 quis

166 1298 292 1347 putet
308 1307 401 1334 assa
421 1307 525 1335 voce
547 1292 810 1335 solummodo
830 1293 1065 1348 praedicari
1087 1294 1368 1349 evangelium.
1418 1295 1566 1349 Atque
1582 1293 1686 1336 haec
1707 1293 1761 1335 de

167 1365 386 1408 functione
413 1366 599 1409 muneris
631 1351 849 1422 apostolici
881 1367 925 1408 in
952 1367 1196 1422 precatione
1222 1375 1265 1409 et
1294 1368 1504 1418 doctrina3
1535 1368 1580 1409 in
1608 1367 1762 1423 quibus

104 1432 106 1434 ¹
166 1441 451 1496 proponendis
472 1438 649 1483 affectus
669 1441 837 1497 paterni
858 1441 1046 1483 studium
1066 1441 1408 1483 ardentissimum
1425 1457 1526 1498 erga
1546 1442 1761 1484 Romanos

166 1515 282 1557 omni
298 1530 351 1557 ex
371 1521 492 1571 parte
514 1531 557 1558 se
579 1515 778 1558 effundit:
800 1516 884 1557 huc
905 1522 1071 1571 spectat
1091 1522 1253 1568 votum,
1275 1531 1360 1570 quo
1381 1516 1492 1558 bona
1512 1515 1652 1558 omnia
1672 1515 1761 1558 Ro-

166 1589 301 1630 manis
323 1595 444 1644 optat
465 1589 690 1639 divinitus3
712 1589 795 1632 hue
817 1582 1045 1645 εὐχαξίςῖαυ
1068 1606 1153 1645 qua
1172 1591 1331 1647 gratias
1353 1591 1443 1647 agit
1463 1591 1559 1634 Deo
1574 1606 1651 1647 pro
1672 1591 1759 1634 Ro-

165 1678 386 1704 manorum
422 1662 524 1713 fide3
557 1663 641 1705 huc
673 1663 778 1706 item
811 1671 977 1719 spectat
1009 1664 1134 1706 huius
1164 1664 1461 1721 gratulationis
1496 1665 1760 1708 confirmatio

165 1737 301 1780 omnis
321 1753 347 1779 a
366 1745 573 1793 perpetua
592 1738 810 1780 mensione
832 1738 1133 1792 Romanorum,
1157 1745 1200 1781 et
1221 1739 1390 1781 assidua
1409 1739 1695 1795 postulatione
1715 1739 1760 1781 in

167 1812 284 1854 omni
303 1827 477 1868 precum
497 1827 667 1868 genere.
1741 1814 1767 1843 ἢ

223 1886 341 1939 Quid
355 1886 539 1929 numinis
553 1886 688 1928 divini
703 1886 758 1928 ad
770 1885 850 1929 hoc
866 1886 1175 1943 obsignandum
1191 1887 1398 1930 advocata
1410 1886 1454 1928 in
1467 1886 1760 1930 testimonium

163 1960 461 2004 conscientia?
497 1960 617 2014 Quid
646 1960 903 2003 desiderium
933 1961 1163 2004 vehemens
1194 1969 1238 2004 et
1268 1962 1517 2004 diuturnum
1548 1961 1761 2004 invisendi

163 2035 413 2077 Romanos?
445 2034 563 2087 Quid
582 2034 847 2090 propositum
867 2042 1079 2088 constans,
1101 2051 1150 2078 ac
1171 2051 1296 2091 saepe
1320 2035 1550 2092 repetitum
1571 2036 1626 2078 ad
1645 2035 1761 2078 utili-

162 2115 297 2152 tatem
314 2115 357 2151 et
373 2108 570 2151 solatium
592 2109 915 2151 Romanorum?
935 2115 984 2151 ut
1004 2109 1111 2151 nihil
1131 2110 1269 2153 dicam
1290 2111 1343 2152 de
1365 2125 1426 2163 ea,
1444 2125 1528 2165 qua
1543 2110 1758 2152 Romanos

161 2183 433 2240 prosequitur
452 2182 712 2239 dignatione,
734 2184 836 2225 dum
857 2199 902 2226 se
923 2184 1116 2239 quamvis
1136 2184 1376 2240 apostolum
1394 2198 1529 2239 usque
1550 2183 1656 2226 adeo
1686 2183 1760 2226 de-

162 2258 311 2312 mit-tit,
327 2264 377 2300 ut
398 2257 479 2300 sibi
499 2257 714 2300 Romanos
730 2257 775 2299 in
791 2257 1073 2314 spiritualium
1089 2259 1296 2301 donorum
1311 2257 1757 2301 communicandorum

161 2332 365 2375 facultate
385 2338 555 2375 tantum
575 2347 661 2375 non
683 2332 905 2388 exaequet,
937 2339 982 2375 et
1011 2333 1127 2388 quod
1147 2348 1172 2375 a
1201 2347 1246 2375 se
1275 2332 1565 2388 profecturum
1593 2331 1639 2374 in
1667 2347 1759 2375 rem

163 2422 310 2450 eorum
330 2407 398 2460 sit,
420 2406 466 2448 in
482 2406 681 2464 beneficii
701 2407 816 2463 apud
836 2421 881 2449 se
902 2406 1097 2450 collocati
1120 2406 1258 2449 locum
1281 2406 1423 2460 ducat,
1454 2407 1612 2449 nedum
1633 2413 1684 2460 ut
1703 2407 1758 2450 de

161 2480 244 2523 illis
264 2480 373 2523 bene
393 2481 595 2523 merendo
616 2480 697 2523 sibi
717 2480 923 2534 consulat,
944 2487 1020 2523 aut
1041 2495 1112 2523 eos
1133 2479 1214 2522 sibi
1232 2480 1313 2522 hoc
1332 2480 1504 2523 nomine
1535 2480 1756 2524 devinctos

161 2561 299 2612 putet,
320 2561 370 2596 ut
391 2554 544 2609 quibus
565 2570 610 2597 se
631 2554 876 2613 obaeratum
907 2554 1020 2597 ultro
1048 2553 1310 2610 profiteatur.
1371 2553 1756 2598 Observenturhic

161 2627 293 2679 verba
307 2683 311 2686 ι
325 2617 385 2668 τοὶ
415 2619 484 2674 ἤθη
519 2627 645 2670 simul
680 2634 724 2670 et
759 2642 896 2670 mores
932 2627 1131 2669 amabiles
1162 2643 1289 2683 supra
1317 2629 1504 2682 modum,
1535 2635 1580 2672 et
1611 2628 1757 2682 φιλαν·

162 2693 339 2758 θξωπιάν
361 2700 647 2745 dulcissimam
667 2701 897 2756 apostolica
923 2701 1135 2757 gravitate
1167 2707 1446 2758 temperatam
1476 2703 1758 2759 exprimentia

161 2776 382 2820 divinitus.
440 2775 503 2818 Et
517 2781 567 2818 ut
581 2774 695 2817 hunc
714 2774 854 2817 locum
875 2774 1136 2829 concludam,
1153 2775 1401 2819 affectusad
1417 2776 1758 2820 benevolentiam

166 2850 472 2894 conciliandam
496 2848 685 2892 mitiores
705 2848 914 2905 spirituali
933 2848 1110 2904 fervore,
1132 2855 1177 2892 et
1197 2849 1342 2894 divino
1367 2850 1546 2894 artificio
1575 2851 1760 2909 prudenz-
