1887 3188
163 199 246 238 442
770 210 1151 254 COMMENTARIUS,

161 329 408 372 Abrahamo
442 329 555 385 patri
590 329 738 383 solum,
776 331 850 372 sed
882 331 1011 373 etiam
1041 331 1137 373 filiis
1169 347 1221 373 ex
1250 331 1432 374 ‚Judaeis
1463 338 1507 374 et
1539 330 1753 374 Gentibus

161 403 469 446 haereditatem
500 404 735 447 confirmet.
795 395 863 444 To*
881 397 1123 461 κληξὸνομον
1146 396 1242 444 εἶναι
1259 406 1498 459 haeredem,
1519 405 1546 446 i.
1561 420 1597 448 e.
1619 405 1754 447 domi-

166 494 269 520 num
303 479 401 533 jure
436 479 706 534 paternitatis
738 480 997 535 spiritualis3
1028 480 1221 521 haeredis
1253 480 1366 522 enim
1400 480 1571 522 nomine
1605 478 1756 521 Domi-

160 568 240 594 nus
262 553 591 608 intelligebatur,
614 553 674 595 ait
695 554 864 595 Festus.
925 554 996 595 Ps.
1019 554 1174 595 cxxvii.
1199 556 1250 606 3„
1273 553 1386 595 Heb.
1405 554 1431 595 i.
1449 556 1502 606 2.,
1524 553 1649 595 Rom.
1666 552 1754 595 viii.

161 643 203 670 v.
228 629 295 670 17.
355 627 486 669 Fides
506 628 741 668 Abrahami
764 643 890 682 supra
913 635 1110 669 naturam
1140 643 1364 683 assurgens
1396 643 1449 669 ex
1478 627 1754 683 promissione

161 701 308 743 divina
329 708 524 743 accurate
546 701 811 754 describitur,
838 701 958 755 cujus
989 701 1032 743 vi
1062 701 1383 756 promissionem
1413 702 1630 756 amplexus
1661 700 1758 742 reli-

161 776 254 831 quit
269 775 508 830 exemplum
525 775 717 830 posteris,
734 774 863 816 fidem
879 775 960 816 illis
977 775 1020 815 in
1031 775 1245 829 justitiam
1261 775 1519 830 imputatum
1534 775 1586 815 iri
1603 791 1613 816 z
1645 790 1753 830 quae

160 850 273 892 enim
295 850 347 891 de
369 849 613 890 Abrahamo
635 849 679 889 in
700 849 808 891 hanc
831 849 1087 891 sententiam
1109 849 1266 904 scripta
1287 855 1449 902 extant,
1470 848 1666 901 filiorum,
1687 848 1756 890 i.e.

161 939 307 966 eorum
328 924 528 976 omnium,
551 923 624 978 qui
646 923 689 964 in
712 930 929 979 posterum
950 923 1154 965 credituri
1175 930 1328 975 essent,
1351 923 1489 979 gratia
1508 922 1642 965 literis
1662 937 1758 978 pro-

161 999 253 1040 dita
274 1005 386 1040 sunt.
446 997 646 1052 Denique
667 997 903 1039 Abrahami
925 998 1165 1053 exemplum
1187 998 1273 1039 vim
1294 997 1424 1039 habet
1452 1013 1477 1038 a
1500 997 1597 1052 jure
1618 1003 1758 1052 pater-

161 1072 309 1114 nitatis
331 1073 386 1113 ad
410 1073 481 1126 jus
511 1072 739 1125 filiationis,
772 1073 887 1127 quod
908 1088 992 1115 non
1015 1072 1096 1114 alia
1126 1072 1290 1114 ratione
1310 1087 1358 1114 ac
1379 1073 1505 1114 modo
1536 1071 1758 1127 acquirant

161 1147 296 1200 liberi,
329 1162 455 1202 quam
476 1153 617 1202 pater3
649 1147 845 1201 ideoque,
879 1148 916 1188 1.
949 1163 1004 1200 v.,
1035 1146 1329 1188 Abrahamum
1365 1153 1528 1202 patrem
1564 1153 1758 1188 nostrum

162 1229 300 1274 vocat,
322 1221 389 1263 i.e.
411 1220 600 1263 omnium
622 1221 852 1263 electorum
876 1228 966 1263 tam
997 1237 1050 1263 ex
1082 1221 1310 1274 Gentibus,
1333 1236 1459 1275 quam
1482 1236 1535 1262 ex
1562 1220 1595 1262 J
1598 1219 1758 1262 udaeis.

162 1297 269 1338 Ideo
290 1296 515 1337 haeredem
536 1295 698 1348 mundi,
721 1303 764 1337 et
785 1303 950 1351 patrem
971 1296 1201 1337 multarum
1223 1294 1432 1337 Gentium
1463 1295 1612 1336 eodem
1633 1310 1760 1336 sensu

162 1370 367 1423 nominat,
397 1385 525 1424 quam
558 1369 814 1425 dignitatem
846 1385 932 1411 non
965 1385 1019 1411 ex
1051 1386 1226 1425 operum
1260 1371 1335 1412 sed
1366 1369 1466 1411 fidei
1491 1369 1663 1424 justitia
1694 1375 1760 1411 est

162 1446 356 1500 adeptus,
380 1444 494 1499 quod
514 1443 781 1499 promissioni
802 1444 930 1486 fidem
950 1444 1140 1497 haberet,
1167 1444 1287 1499 cujus
1319 1444 1488 1500 signum
1509 1450 1553 1486 et
1574 1443 1760 1499 sigillum

163 1535 249 1562 non
280 1519 415 1561 solum
436 1518 518 1559 fuit
548 1525 650 1559 nota
680 1518 1023 1571 circumcisionis,
1055 1519 1131 1560 sed
1162 1518 1291 1560 etiam
1320 1517 1444 1559 litera
1473 1533 1570 1560 eum
1601 1517 1759 1570 uxoris,

162 1601 256 1636 tum
277 1609 353 1635 suo
374 1592 533 1634 nomini
551 1592 729 1647 adjecta,
752 1593 867 1647 quod
882 1608 1037 1634 nomen
1054 1592 1360 1648 interpretatur
1375 1592 1510 1644 Deus,
1527 1591 1760 1644 Abraham,

163 1669 230 1711 i.e.
271 1675 437 1723 patrem
479 1666 708 1708 multarum
747 1667 942 1723 gentium
961 1683 971 1708 ε
1013 1673 1164 1722 estque
1203 1666 1439 1722 paternitas
1480 1681 1530 1707 ea
1571 1681 1626 1707 ex
1666 1680 1762 1721 pro·-

163 1742 364 1784 missione
395 1741 637 1797 spiritualis,
661 1756 745 1796 qua
766 1756 851 1783 non
877 1741 1013 1783 solum
1033 1741 1066 1783 J
1068 1741 1206 1794 udaei,
1229 1741 1304 1782 sed
1329 1740 1459 1782 etiam
1490 1739 1656 1782 Gentes
1685 1755 1763 1796 per

164 1817 294 1859 fidem
333 1815 378 1857 in
419 1815 641 1858 Christum
685 1822 941 1857 conseantur
984 1815 1029 1857 in
1073 1815 1309 1857 Abrahami
1353 1815 1526 1868 semine,
1567 1815 1673 1857 adeo
1711 1820 1764 1857 ut

165 1890 400 1933 Abrahami
415 1890 562 1943 filium,
586 1896 629 1931 et
649 1889 783 1931 filium
800 1889 885 1932 Dei
901 1890 981 1932 hoc
998 1905 1123 1932 sensu
1139 1905 1216 1946 pro
1234 1890 1384 1931 eodem
1400 1889 1485 1932 dici
1500 1888 1762 1931 aestimetur.

167 1965 398 2008 Caeterum
413 1964 542 2006 fidem
557 1964 759 2020 imputari
775 1963 819 2005 in
834 1963 1061 2018 justitiam,
1072 1964 1287 2019 justitiam
1303 1963 1505 2019 imputari
1521 1964 1610 2006 sine
1627 1963 1764 2019 operi-

164 2040 258 2094 bus,
281 2046 325 2081 et
346 2045 569 2094 peccatum
590 2053 676 2080 non
696 2038 910 2094 imputari,
933 2054 1009 2094 pro
1031 2039 1182 2080 eodem
1206 2038 1342 2094 accipi
1362 2038 1571 2080 videatur.
1631 2037 1763 2080 Unde

160 2113 412 2170 justificatio
433 2113 487 2154 de
508 2128 592 2167 qua
613 2112 715 2168 agit,
747 2119 840 2154 tota
860 2112 905 2153 in
925 2112 1171 2155 remissione
1200 2119 1473 2168 peccatorum
1501 2111 1641 2168 posita
1670 2126 1763 2154 esse

165 2189 375 2241 videatur,
397 2203 476 2229 nec
497 2187 622 2229 video
643 2186 748 2242 quid
768 2187 867 2228 addi
885 2187 1018 2242 possit
1035 2187 1089 2229 ad
1109 2187 1277 2242 plenam
1300 2186 1608 2229 absolutionem
1624 2201 1649 2227 a
1664 2201 1763 2241 pee—

166 2263 286 2316 catis,
309 2277 436 2318 quam
451 2261 802 2316 justificationem
823 2261 1140 2317 appellavimus,
1163 2276 1272 2316 quae
1293 2268 1385 2303 tota
1404 2260 1563 2316 pendet
1579 2275 1604 2301 a
1625 2266 1761 2302 morte

169 2337 344 2391 Christi,
367 2336 457 2379 sine
478 2336 598 2391 cujus
620 2335 836 2392 sanguinis
858 2335 1062 2378 effusione
1082 2335 1198 2377 nulla
1217 2334 1420 2388 remissio,
1446 2333 1562 2376 Heb.
1582 2333 1640 2376 ix.
1699 2334 1762 2377 Et

168 2427 269 2454 vero
289 2426 376 2453 non
397 2410 531 2452 solum
553 2425 662 2465 quae
683 2409 920 2452 omissionis
941 2416 986 2452 et
1006 2409 1311 2452 commissionis
1341 2416 1517 2464 peccata
1546 2408 1760 2463 dicuntur,

168 2501 278 2542 quae
299 2485 428 2540 vulgo
449 2484 631 2526 actualia
650 2491 827 2540 peecata
846 2484 1126 2540 appellantur,
1149 2483 1224 2525 sed
1244 2482 1373 2525 etiam
1388 2482 1504 2525 labes
1524 2482 1596 2525 illa
1615 2482 1762 2527 haere-

170 2558 338 2612 ditaria,
369 2558 490 2612 cujus
514 2558 717 2613 reliquiae
738 2558 915 2601 haerent
935 2558 981 2600 in
1001 2557 1171 2610 sanctis,
1192 2571 1302 2612 quae
1324 2563 1368 2599 et
1388 2557 1504 2612 ipsae
1524 2556 1570 2599 in
1595 2557 1762 2613 peceati

166 2633 379 2676 rationem
391 2631 584 2685 veniunt,
593 2647 672 2674 nee
686 2632 766 2673 alia
773 2632 937 2674 ratione
951 2647 1078 2687 quam
1091 2631 1217 2673 unico
1223 2631 1372 2673 mortis
1382 2630 1544 2674 Christi
1557 2631 1760 2676 sacrificio

168 2713 418 2764 purgantur,
434 2712 490 2760 et,
504 2720 558 2747 ne
571 2705 617 2746 in
629 2705 837 2747 rationem
851 2720 991 2748 coram
1004 2705 1100 2747 Deo
1116 2705 1303 2760 veniant,
1321 2705 1547 2762 expiantur
1562 2722 1574 2747 z
1603 2705 1760 2762 Neque

170 2781 282 2825 enim
304 2786 535 2836 conceptus
557 2778 732 2833 Christi,
754 2786 798 2822 et
818 2786 988 2821 nostrae
1007 2778 1052 2820 in
1075 2778 1247 2822 Christo
1274 2787 1451 2822 naturae
1481 2779 1760 2824 sanctificatio

170 2854 315 2913 expiat
344 2855 489 2898 sordes
509 2853 552 2896 in
583 2860 737 2896 natura
765 2860 911 2897 nostra
939 2853 1136 2909 reliquas,
1157 2869 1296 2910 neque
1323 2869 1400 2911 per
1429 2869 1596 2897 omnem
1627 2854 1761 2898 vitam
