1887 3188
418 912 797 964 EDITORIS
855 912 1358 963 PRAEFATUM.

91 1323 248 1366 TENES
278 1322 322 1364 in
353 1337 494 1376 manu,
525 1321 580 1364 L.
611 1321 664 1364 B.
695 1323 946 1379 opusculum
977 1323 1105 1379 quod,
1137 1322 1227 1366 sive
1258 1304 1415 1366 nomen
1444 1321 1686 1378 famamque

91 1415 289 1469 auctoris,
311 1415 402 1458 sive
431 1414 528 1456 libri
554 1414 687 1471 ipsius
714 1414 938 1457 materiam
957 1429 1007 1457 ac
1035 1414 1245 1457 rationem
1275 1420 1456 1470 spectes,
1478 1428 1566 1456 non
1597 1413 1687 1456 sine

92 1523 256 1551 summa
279 1507 550 1551 observantia
568 1506 756 1563 recipere
776 1507 926 1564 possis.
976 1507 1119 1550 Nemo
1141 1513 1219 1561 est,
1245 1506 1420 1549 minima
1440 1505 1614 1562 quidem
1635 1520 1689 1548 ex

87 1607 215 1658 >parte
234 1599 369 1644 literis
389 1599 593 1654 imbutus,
611 1599 686 1655 qui
705 1599 868 1643 nesciat
884 1605 1093 1656 quantum
1112 1599 1285 1642 honoris
1306 1598 1387 1642 sibi
1402 1597 1690 1654 acquisiverit,

84 1698 302 1749 quantum
321 1691 420 1734 boni
440 1691 485 1733 in
505 1690 687 1747 patriam
708 1691 937 1734 contulerit
956 1691 1214 1734 MELVINUS
1233 1691 1318 1734 ille.
1378 1689 1602 1733 Knoxium
1623 1679 1692 1730 τᾶν

97 1777 209 1825 πάνυ
241 1783 470 1840 excipiens,
503 1798 608 1839 opus
635 1783 928 1827 reformandae
953 1783 1156 1827 ecclesiae
1185 1798 1212 1826 a
1239 1782 1332 1826 viro
1365 1782 1439 1826 illo
1470 1781 1693 1839 spectatis-

99 1877 206 1920 simo
235 1856 456 1932 inceptum
475 1874 661 1918 fideliter
679 1875 906 1932 promovit,
937 1875 1020 1931 vel,
1049 1882 1100 1919 ut
1119 1875 1263 1932 potius
1293 1875 1446 1930 dicam,
1477 1879 1694 1918 annuente

100 1969 196 2013 Deo
209 1968 406 2012 confecit.
458 1967 636 2024 Optime
653 1968 783 2011 etiam
798 1968 853 2011 de
872 1983 919 2011 re
938 1967 1147 2012 litteraria
1161 1967 1277 2025 apud
1290 1973 1504 2011 nostrates
1522 1965 1694 2021 meruit,

100 2069 194 2105 tum
224 2060 378 2104 studiis
402 2060 614 2115 juvenum
645 2059 894 2118 dirigendis,
927 2066 1021 2103 tum
1051 2059 1139 2103 suis
1168 2059 1399 2117 diligenter
1426 2058 1696 2115 fideliterque

99 2152 418 2211 persequendis.
495 2151 668 2209 Ingenii
701 2152 785 2196 fuit
819 2152 977 2208 eximii,
1011 2151 1167 2196 indolis
1201 2151 1319 2196 haud
1351 2151 1493 2196 minus
1528 2150 1697 2195 subtilis

101 2261 230 2303 quam
262 2244 440 2304 sagacis,
471 2251 528 2299 et,
557 2259 688 2301 quum
720 2229 943 2288 scientiam
973 2244 1245 2302 omnigenam
1264 2243 1543 2288 vehementer
1572 2242 1699 2286 affec-

101 2339 236 2394 tabat,
251 2345 396 2382 tantos
416 2337 638 2381 doctrinae
657 2337 880 2381 thesauros
900 2337 1199 2391 accumulavit,
1214 2343 1279 2391 ut,
1299 2336 1415 2393 quod
1434 2335 1491 2379 ad
1509 2341 1700 2379 mentem

104 2430 276 2485 attinet,
309 2431 424 2474 inter
453 2430 685 2474 ditissimos
716 2429 782 2473 sui
810 2429 1016 2487 temporis
1050 2429 1319 2472 annumerari
1348 2427 1518 2472 debeat.
1575 2427 1701 2470 Nihil

102 2529 249 2566 tamen
268 2522 360 2579 ipse
379 2522 492 2566 tanti
510 2522 758 2578 aestimavit
779 2521 930 2579 quanti
950 2536 1089 2565 sacras
1108 2521 1254 2565 literas
1274 2520 1550 2577 divinamque
1565 2518 1702 2564 scien-

105 2613 238 2664 tiam3
269 2612 543 2669 quamobrem
561 2613 608 2656 in
626 2613 705 2657 has
723 2613 952 2671 praecipue
971 2612 1260 2667 incumbebat,
1288 2617 1333 2656 et
1351 2611 1583 2656 humanam
1602 2612 1702 2656 doc-

95 2705 265 2749 ·trinam
283 2703 542 2761 Theologiae
562 2705 759 2771 ancillam
777 2705 872 2749 fieri
891 2704 1040 2749 sedulo
1060 2704 1275 2749 studebat.

165 2797 284 2840 Dum
306 2795 444 2839 officio
473 2796 672 2840 Rectoris
703 2812 753 2840 ac
780 2797 1037 2841 Professoris
1069 2796 1114 2839 in
1148 2796 1386 2840 Academia
1418 2794 1702 2852 Andreapoli-

113 2897 215 2934 tana
250 2887 522 2946 fungebatur,
557 2887 774 2946 discipulis
807 2889 853 2932 in
887 2889 1104 2946 Epistolas
1135 2889 1262 2932 Beati
1301 2888 1426 2931 Pauli
1460 2887 1704 2945 praelegere
