1887 3188
201 202 284 242 454
803 215 1185 256 COMMENTARIUS,

205 332 373 375 divinae
394 333 439 374 in
457 333 628 376 Christo
649 335 811 390 gratiae
832 336 1031 392 gemellas
1053 336 1288 393 appellare:
1320 338 1434 379 unde
1457 344 1500 379 et
1521 337 1679 393 duplex
1703 338 1794 392 jus-

205 406 382 449 tificatio
403 408 488 450 dici
509 416 662 464 potest,
686 416 729 451 et
750 417 929 465 utraque
946 411 1146 466 gratuita,
1169 413 1243 454 sed
1265 412 1432 454 diversa
1452 412 1616 454 ratione
1629 427 1640 462 3
1663 411 1795 454 altera

204 482 320 538 prior
340 490 516 524 naturae
537 484 695 536 ordine,
718 484 851 526 altera
870 486 1101 540 posterior:
1133 486 1204 527 illa
1225 486 1350 528 simul
1371 493 1414 528 et
1435 486 1565 528 semel
1594 486 1794 542 perfecta,

205 557 310 598 haec
332 564 501 600 tantum
521 557 731 611 inchoata,
755 566 797 600 et
819 559 904 600 suis
930 560 1204 615 progrediens
1225 560 1428 615 paulatim
1449 560 1722 602 incrementis
1751 559 1797 600 in

206 630 285 673 hac
307 631 409 673 vita.
470 631 621 674 Altera
642 632 755 674 vitae
777 648 915 685 causa,
938 633 1070 675 altera
1091 640 1258 675 tantum
1290 634 1594 688 testimonium,
1617 634 1691 676 sed
1711 640 1797 676 tes-

206 705 432 748 timonium
461 713 504 748 et
535 707 661 759 vitae,
686 712 729 748 et
764 707 913 762 prioris
941 707 1270 761 justificationis,
1302 715 1430 763 atque
1452 709 1558 750 adeo
1579 708 1797 751 electionis

207 787 417 833 aeternae,
440 781 493 821 ad
515 781 634 834 eujus
657 796 839 834 sensum,
863 789 906 823 et
927 782 1240 837 persuasionem
1262 783 1306 823 in
1326 782 1447 824 nobis
1469 782 1796 824 confirmandam

207 854 306 896 huic
337 854 459 896 alteri
483 854 781 909 justificationi
811 857 1070 898 studendum
1101 864 1190 906 est3
1222 857 1302 898 Illa
1322 872 1398 912 per
1426 857 1567 910 fidem,
1589 857 1693 899 haec
1724 871 1800 912 per

209 944 336 984 opera
357 929 550 971 efficitur.
611 929 698 972 Sed
719 946 773 972 ne
793 930 925 972 lateat
957 946 1072 973 error
1102 931 1180 972 sub
1212 931 1504 987 ambiguitate,
1535 930 1799 986 justificandi

207 1003 385 1045 verbum
407 1003 530 1046 aliter
549 1004 602 1046 de
623 1004 702 1047 hac
724 1012 852 1060 atque
873 1006 945 1046 illa
959 1006 1264 1060 justificatione
1287 1006 1466 1049 dicitur:
1499 1006 1656 1062 quippe
1677 1020 1801 1061 supe-

207 1077 292 1120 rior
306 1078 557 1132 justificatio
579 1079 632 1120 de
653 1079 917 1122 absolutione
934 1096 958 1121 a
973 1081 1158 1136 peccatis
1176 1096 1251 1136 per
1265 1080 1590 1136 imputationem
1605 1080 1800 1135 justitiae

211 1152 386 1205 Christi,
408 1153 616 1207 posterior
637 1154 688 1195 de
711 1154 995 1197 declaratione
1017 1155 1142 1209 hujus
1163 1155 1439 1197 absolutionis
1460 1170 1536 1210 per
1566 1155 1802 1197 sanctifica-

209 1226 382 1279 tionem,
401 1227 576 1282 ejusque
597 1227 759 1270 fructus
781 1229 950 1271 dicitur.
1012 1229 1083 1272 Sic
1100 1229 1259 1271 Paulus
1276 1230 1358 1271 fide
1375 1229 1664 1271 Abrahamum
1675 1229 1803 1284 justi-

210 1301 326 1343 ficari
343 1301 464 1354 dixit,
483 1309 526 1344 et
540 1303 719 1344 asseruit
742 1304 975 1345 secundum
996 1304 1178 1359 priorem
1196 1321 1207 1354 ;
1229 1303 1421 1346 Jacobus
1437 1303 1731 1345 Abrahamum
1748 1318 1802 1345 ex

211 1375 408 1431 operibus
437 1376 720 1430 justificatum
751 1377 919 1433 scripsit
950 1379 1183 1420 secundum
1213 1378 1503 1434 posteriorem,
1535 1379 1641 1420 adeo
1668 1384 1717 1420 ut
1748 1378 1801 1419 de

210 1450 360 1505 quovis
380 1451 496 1492 fideli
516 1458 697 1506 utraque
719 1451 969 1505 justificatio
990 1453 1157 1494 diversa
1177 1453 1341 1495 ratione
1363 1453 1541 1495 dicatur.
1602 1451 1803 1495 Occurrit

210 1524 345 1580 igitur
361 1524 592 1580 Apostolus
614 1526 949 1567 adversariorum
965 1527 1212 1580 calumniae,
1231 1541 1358 1581 quam
1374 1542 1427 1568 ex
1449 1526 1564 1568 dicto
1581 1526 1634 1567 de
1650 1526 1805 1568 redun-

213 1599 360 1640 dantia
394 1599 570 1654 gratiae,
607 1599 681 1640 ubi
725 1599 959 1641 abundavit
988 1607 1224 1655 peccatum,
1257 1607 1497 1655 arrepturos
1527 1599 1803 1655 praevidebat

213 1689 254 1714 v.
291 1675 347 1716 20
365 1689 375 1714 :
417 1673 506 1715 Ubi
546 1673 781 1716 abundavit
810 1681 1046 1730 peccatum,
1087 1675 1147 1716 ibi
1183 1675 1432 1717 exuberavit
1462 1674 1624 1730 gratia:
1658 1674 1805 1716 laxan-

215 1749 317 1790 dum
358 1763 459 1804 ergo
499 1748 690 1790 fraenum
738 1748 1057 1804 cupiditatibus,
1107 1756 1150 1791 et
1201 1749 1428 1791 sceleribus
1480 1748 1802 1805 indulgendum.

216 1822 396 1864 Refutat
411 1837 436 1863 a
449 1823 669 1864 contrariis
686 1839 773 1865 ver.
791 1826 831 1864 2.
891 1823 1050 1867 Vivere
1068 1824 1179 1866 enim
1197 1831 1240 1866 et
1255 1824 1362 1866 mori
1378 1823 1588 1867 contraria
1605 1829 1717 1877 sunt,
1734 1822 1804 1866 cui

216 1896 311 1952 quis
332 1903 524 1939 mortuus
546 1904 623 1951 est,
645 1897 690 1938 in
711 1913 760 1940 eo
782 1897 925 1940 vivere
946 1914 1031 1941 non
1052 1905 1218 1954 potest3
1241 1898 1350 1941 Fide
1373 1898 1599 1953 justificati
1627 1904 1804 1954 peccato

215 1971 373 2014 mortui
394 1978 506 2025 sunt,
537 1987 623 2014 non
643 1979 822 2027 possunt
850 1987 951 2029 ergo
978 1979 1157 2028 peccato
1184 1973 1343 2015 vivere.
1402 1972 1588 2015 Peccato
1609 1971 1728 2026 mori,
1759 1971 1805 2013 in

219 2046 307 2087 dat.
329 2060 441 2098 casu,
471 2045 640 2099 dicitur,
671 2046 716 2087 in
737 2061 822 2102 quo
843 2047 906 2089 vis
927 2047 1092 2102 peccati
1113 2047 1252 2103 caepit
1283 2047 1490 2103 extingui,
1511 2053 1561 2090 ut
1581 2047 1720 2089 minus
1751 2047 1808 2089 sit

219 2119 367 2162 efficax
402 2120 457 2161 ad
497 2120 668 2162 ciendos
698 2136 851 2176 pravos
886 2127 1026 2163 motus
1063 2136 1159 2163 cum
1194 2121 1280 2163 Dei
1301 2121 1521 2164 voluntate
1551 2127 1804 2177 pugnantes.

215 2194 376 2237 Probat
397 2194 630 2251 assumptio
651 2210 676 2236 a
695 2195 779 2237 fine
805 2201 848 2237 et
876 2211 956 2237 usu
975 2195 1200 2251 Baptismi,
1226 2211 1266 2238 v.
1297 2198 1337 2238 3.
1398 2194 1623 2250 Quotquot
1644 2193 1808 2250 baptiz-

218 2275 357 2322 antur,
388 2268 433 2310 in
462 2269 802 2311 communionem
833 2269 981 2312 mortis
1016 2269 1178 2312 Christi
1209 2269 1493 2326 baptizantur,
1521 2269 1549 2310 i.
1571 2284 1608 2310 e.
1628 2275 1679 2311 ut
1709 2283 1806 2311 cum

221 2342 393 2385 Christo
432 2343 591 2386 mortui
629 2350 805 2399 peccato
845 2344 1186 2397 commoriantur,
1228 2359 1355 2400 quam
1394 2342 1559 2399 peccati
1599 2342 1644 2384 in
1683 2342 1806 2386 nobis

218 2424 399 2460 mortem
432 2417 630 2474 obsignat
660 2417 859 2474 baptismi
889 2425 1224 2461 sacramentum:
1255 2417 1318 2459 At
1349 2424 1560 2473 quotquot
1583 2416 1810 2472 justifica-ti

220 2498 333 2544 sunt,
354 2491 638 2547 baptizantur,
671 2507 772 2548 ergo
792 2492 838 2534 in
867 2492 1207 2535 communionem
1227 2491 1374 2534 mortis
1397 2490 1561 2535 Christi
1589 2490 1809 2548 baptizan-

219 2571 303 2608 tur.
380 2564 428 2608 Si
462 2566 714 2608 commortui
750 2566 936 2620 Christo,
969 2581 1069 2623 ergo
1100 2566 1229 2608 etiarn
1258 2566 1496 2622 consepulti
1524 2572 1702 2623 peccato
1711 2582 1731 2617 *3
1757 2572 1808 2609 ut

219 2639 386 2696 peccati
406 2639 470 2682 vis
487 2639 678 2682 extincta
691 2640 896 2696 paulatim
913 2640 1154 2696 sepeliatur,
1169 2646 1220 2682 ut
1235 2655 1330 2682 cum
1350 2640 1524 2684 Christo
1538 2655 1806 2697 resurgamus

211 2714 277 2756 ad
289 2713 484 2769 justitiae
505 2713 706 2767 studium,
729 2729 855 2770 quam
876 2721 1001 2757 vocat
1021 2715 1112 2757 vita
1130 2714 1379 2769 novitatem,
1400 2731 1442 2758 v.
1463 2717 1504 2757 4.
1565 2714 1709 2771 Hujus
1735 2722 1810 2757 au·-

222 2795 311 2831 tem
331 2788 480 2831 mortis
501 2794 544 2830 et
565 2788 819 2844 sepulturae,
841 2803 926 2844 qua
945 2795 1120 2844 peccato
1140 2789 1355 2844 morimur,
1373 2797 1416 2832 et
1430 2790 1656 2846 sepelimur
1670 2795 1807 2852 morte

221 2868 265 2904 et
285 2862 592 2906 resurrectione
614 2861 788 2917 Christi,
810 2869 854 2905 et
874 2863 1204 2918 resurrectionis,
1227 2879 1311 2919 qua
1341 2880 1438 2907 cum
1469 2863 1641 2908 Christo
1670 2878 1808 2907 resur-
