1887 3188
682 209 782 240 CAP.
805 210 907 240 xm.
933 199 1015 241 1-5.
1550 200 1633 242 497

61 329 105 372 in
126 330 328 388 superiori
348 331 482 388 gradu
503 331 723 374 constituti
746 338 856 383 sunt,
879 331 1058 373 debetur
1078 331 1158 373 illis
1180 331 1231 373 ab
1253 331 1517 375 inferioribus
1540 334 1636 376 sub-

58 405 203 461 jectio.
271 405 512 449 Secundum
543 413 862 462 argumentum:
898 406 942 446 A
971 406 1065 448 Deo
1097 414 1161 449 est
1192 406 1470 463 Magistratus
1500 408 1638 465 legiti-

60 496 166 534 mus,
193 496 317 536 quem
338 487 592 536 potestatem
614 488 737 523 vocat
759 471 951 533 ἐξουσίαν,
968 481 1213 538 legitimam,
1231 498 1314 523 non
1337 483 1539 539 exlegem,
1561 492 1635 526 aut

61 556 260 599 effrenem
276 555 504 598 licentiam.
549 555 602 597 P.
616 556 892 598 Melancthon
908 573 917 597 z
939 556 1136 599 Potestas
1152 573 1177 598 a
1192 557 1380 613 personis
1397 558 1637 600 discernen-

62 632 140 681 da3
162 631 330 673 amabat
351 631 463 673 enim
479 631 638 674 Paulus
659 632 848 688 politiam
871 639 913 674 et
934 639 1214 687 potestatem3
1237 633 1311 675 sed
1334 631 1568 689 Caligulam
1593 640 1636 674 et

59 706 275 749 Neronem
291 706 575 760 execrabatur,
597 714 798 762 tanquam
819 713 1005 749 monstra
1025 714 1211 761 naturae,
1226 722 1383 764 organa
1395 707 1577 761 Diaboli,
1596 716 1639 750 et

60 789 201 839 pestes
221 782 394 824 humani
414 782 593 838 generis.
652 782 844 824 Tertium
866 789 1161 839 argumentum
1183 782 1235 825 ab
1257 783 1401 825 ordine
1432 782 1636 824 divinitus

62 857 308 912 constituto,
330 857 407 900 sub
428 857 535 907 Deo,
558 858 610 899 ad
631 857 715 900 Dei
735 857 911 914 gloriam
927 874 938 908 3
970 857 1030 900 ita
1052 859 1161 900 enim
1183 858 1438 913 interpretor
1459 847 1541 896 ὑπὸ
1562 854 1637 897 τοῦ

64 927 150 972 θεοῦ
174 924 442 988 τεταγμέναι,
468 947 551 974 11011
573 939 659 974 tam
681 948 706 973 a
726 932 832 984 Deo,
856 932 968 987 quod
984 931 1072 986 jam
1093 933 1252 975 dictum
1282 932 1374 985 fuit,
1404 947 1530 987 quam
1558 933 1637 975 sub

62 1007 158 1051 Deo
180 1009 391 1051 ordinatas
407 1015 640 1064 potestates
662 998 769 1063 (ὑπ-ὂ
792 1000 880 1060 γῆς,
901 1002 1020 1063 θεοκξ.
1043 1003 1133 1060 [qu.
1153 1001 1353 1058 Theona]
1378 997 1459 1046 ὑπὸ
1481 998 1635 1060 χθονὸς,

64 1083 242 1126 Hesiod.
263 1073 346 1122 15πό
368 1076 524 1139 μάλης,
548 1082 625 1125 sub
646 1083 723 1136 ala,
745 1075 927 1139 στέρνοιο,
951 1091 1132 1138 pectore,
1156 1080 1285 1123 Hom.
1347 1077 1574 1134 Αἴγυπτος
1598 1074 1638 1122 δὲ

65 1151 192 1198 πάλιν
209 1151 361 1212 ἐγένετο
378 1149 461 1198 &ml
474 1149 692 1215 βασιλέως,
712 1157 788 1200 sub
802 1173 901 1214 rege
917 1157 1153 1199 Persarum.
1167 1155 1385 1212 Thucyd.)
1403 1156 1638 1210 Quas,cum

65 1234 254 1287 articulo,
279 1225 375 1280 Τοὶς
400 1225 526 1280 οὔσας
550 1225 735 1281 ἐξουσίας
758 1240 891 1285 vocat,
909 1231 1028 1288 quasi
1050 1231 1175 1284 dicat,
1197 1220 1277 1275 τοὶς
1301 1221 1420 1276 ὅντως
1441 1220 1638 1278 ἐξουσίας,

63 1325 171 1366 quae
201 1325 346 1366 reapse
376 1316 607 1366 potestates
638 1316 750 1361 sunt,
773 1314 816 1350 et
835 1307 915 1350 hoc
935 1322 1088 1350 nomen
1117 1314 1345 1348 merentur.
1405 1306 1534 1348 Unde
1563 1306 1641 1347 im-

61 1385 175 1441 piam
196 1392 240 1428 et
259 1385 458 1440 injustam
479 1384 759 1441 tyrannidem,
791 1398 899 1438 quae
922 1397 1000 1425 nec
1021 1397 1046 1424 a
1065 1381 1160 1424 Deo
1182 1387 1259 1434 est,
1291 1387 1500 1437 quatenus
1528 1380 1639 1434 talis,

62 1461 218 1503 nedum
232 1460 463 1503 secundum
484 1459 674 1502 divinum
694 1457 896 1512 ordinem,
915 1457 1112 1500 excludat
1131 1463 1180 1498 ut
1200 1455 1465 1513 illegitimam
1485 1455 1538 1498 ab
1559 1455 1638 1498 hac

59 1534 251 1593 legitima
271 1534 523 1588 obedientia,
543 1533 625 1576 nisi
641 1533 846 1589 siquando
866 1532 1004 1575 visum
1024 1532 1131 1585 Deo,
1154 1531 1223 1574 vel
1242 1531 1326 1573 suis
1348 1532 1476 1574 etiam
1497 1538 1641 1588 tyran-

62 1626 164 1654 num
191 1611 406 1667 imponere
435 1617 637 1665 tanquam
666 1608 841 1651 ferulam
871 1614 1089 1664 paternam
1109 1606 1164 1649 ad
1184 1606 1517 1663 castigationem,
1549 1613 1641 1649 tum

60 1685 249 1743 profecto
271 1692 314 1728 et
333 1684 398 1727 his
418 1685 663 1741 parendum,
685 1683 823 1739 siquid
845 1698 981 1739 neque
997 1682 1172 1738 impium
1192 1681 1236 1723 in
1256 1681 1399 1725 Deum
1420 1696 1558 1738 neque
1578 1681 1642 1723 in-

59 1762 222 1817 justum
243 1761 288 1803 in
309 1760 410 1803 alios
430 1760 651 1816 imperant,
672 1758 828 1814 alioqui
849 1757 1104 1815 defugienda
1134 1756 1351 1800 autoritas.
1411 1756 1641 1800 Concludit

65 1852 152 1880 ver.
174 1839 214 1891 2,
235 1852 288 1879 ex
309 1836 493 1879 secundo
514 1842 557 1878 et
577 1834 705 1878 tertio
725 1840 987 1891 argumento,
1009 1832 1103 1875 Deo
1125 1839 1168 1875 et
1188 1831 1356 1875 divinae
1387 1831 1643 1875 ordinationi

64 1912 272 1966 resistere,
293 1910 367 1967 qui
387 1910 554 1953 divinae
573 1909 776 1966 potestati
799 1909 1014 1962 resistunt,
1036 1923 1083 1951 ac
1104 1907 1280 1964 proinde
1299 1907 1412 1964 ipsos
1434 1907 1514 1950 sibi
1528 1907 1640 1963 judi-

65 1988 190 2041 cium,
215 1987 295 2040 i.e.,
326 1985 718 2029 condemnationem
739 1991 783 2027 et
803 1983 980 2027 exitium
1000 1998 1225 2026 accersere.
1287 1981 1416 2036 Quod
1437 1989 1502 2026 est
1521 1998 1645 2039 quar-

68 2070 161 2106 tum
173 2067 469 2119 argumentum
482 2060 535 2103 ab
552 2060 702 2103 effecto
717 2059 870 2113 inutili,
885 2065 928 2102 et
940 2057 1172 2115 pernicioso
1186 2056 1511 2101 inobedientiae.
1541 2057 1644 2101 Ver.

69 2141 109 2193 3,
130 2137 337 2180 rationem
356 2136 509 2189 reddit,
526 2150 601 2178 cur
621 2142 664 2178 et
684 2150 709 2177 a
728 2134 823 2177 Deo
839 2133 936 2188 sint,
954 2140 997 2176 et
1014 2133 1230 2176 ordinatae
1247 2148 1271 2175 a
1285 2131 1380 2175 Deo
1396 2138 1644 2189 potestates,

70 2213 222 2270 quibus
234 2227 320 2255 non
331 2211 626 2264 resistendum,
643 2225 739 2253 cum
755 2209 904 2266 quinto
917 2208 1181 2252 obedientiae
1197 2214 1466 2265 argumento:
1487 2207 1649 2264 Magis-

70 2294 207 2331 tratus
235 2303 322 2330 non
351 2293 451 2330 sunt
474 2285 616 2329 timori
644 2284 778 2338 bonis,
809 2284 885 2327 sed
913 2283 1033 2326 malis
1063 2282 1271 2340 operibus,
1303 2298 1404 2340 ergo
1433 2298 1459 2325 a
1487 2282 1583 2326 Deo
1603 2290 1648 2325 et

71 2369 171 2407 sunt
200 2369 244 2406 et
273 2362 489 2406 ordinatae
524 2368 636 2414 sunt,
667 2367 711 2403 et
740 2359 821 2402 illis
850 2359 1111 2416 parendum:
1141 2358 1421 2415 Magistratus
1451 2357 1564 2401 enim
1593 2357 1648 2400 de

72 2437 225 2495 quibus
244 2436 466 2493 loquimur,
486 2451 571 2480 non
592 2442 692 2479 sunt
711 2434 882 2491 tyranni
902 2432 1144 2491 importuni,
1176 2434 1250 2476 sed
1270 2432 1448 2476 benefici
1473 2440 1517 2476 et
1540 2432 1650 2488 justi

72 2512 295 2571 principes,
316 2512 429 2568 apud
449 2527 553 2567 quos
572 2518 623 2556 ut
642 2510 762 2553 malis
783 2508 998 2566 supplicia,
1019 2508 1081 2551 ita
1098 2507 1220 2551 bonis
1235 2507 1421 2565 praemia
1435 2514 1536 2551 sunt
1551 2521 1650 2551 con·

74 2588 252 2638 stituta3
284 2586 398 2643 quod
416 2585 579 2643 probat,
600 2601 687 2629 ver.
709 2587 749 2639 4,
780 2584 880 2641 quia
905 2583 990 2627 Dei
1010 2582 1257 2626 administer
1276 2589 1342 2626 est
1362 2582 1472 2627 bono
1500 2582 1652 2626 Eccle-

76 2663 162 2708 siae
178 2669 222 2706 et
237 2650 454 2716 bonorum,
470 2675 548 2704 1100
562 2660 700 2703 minus
715 2658 961 2703 vindictae
948 2674 994 2701 1n
1013 2658 1236 2702 sceleratos
1252 2658 1524 2715 exequendae
1540 2673 1652 2700 sum-

76 2738 186 2783 endo
201 2735 405 2794 supplicio
421 2735 474 2778 de
493 2735 706 2793 improbis.
765 2734 882 2778 Hinc
896 2733 1124 2788 concludit,
1145 2749 1233 2777 ver.
1255 2735 1294 2788 5,
1315 2731 1587 2789 subjectionis
1607 2738 1652 2775 et

77 2811 343 2857 obedientiae
361 2810 658 2854 necessitatem
677 2809 835 2875 duplici
854 2810 908 2853 de
928 2824 1065 2864 causa,
1088 2809 1181 2864 via,
1202 2808 1415 2852 vindictae
1440 2807 1651 2861 vitandae,

79 2896 125 2932 et
143 2887 278 2931 bonae
298 2885 579 2930 conscientiae
599 2884 827 2928 servandae
847 2899 985 2938 causa,
1007 2883 1225 2941 magisque
1244 2890 1417 2940 propter
1439 2882 1655 2926 conscien-

850 2960 874 3001 2
899 2971 916 3000 1
