1887 3188
723 227 826 257 CAP.
851 227 918 256 111.
943 217 1057 258 3-12.
1603 213 1685 256 431

99 349 302 393 faciamus
323 348 445 402 mala,
462 354 511 390 ut
534 347 645 390 bona
666 347 879 389 eveniant.
930 346 1057 389 Hanc
1080 344 1362 401 objectionem
1383 345 1689 402 blasphemiam

98 433 144 467 et
164 423 418 467 calumniam
438 428 576 475 vocat,
599 436 684 476 qua
714 437 758 463 se
780 436 985 475 suamque
1007 421 1246 462 doctrinam
1276 420 1506 462 adversarii
1526 420 1690 476 gratiae

96 513 274 555 gravare
291 497 405 540 soliti
425 504 538 550 sunt,
555 497 652 538 ideo
669 503 838 538 tantum
859 495 1168 537 absurditatem
1185 501 1229 536 et
1250 494 1480 536 falsitatem
1501 509 1587 536 non
1608 494 1690 535 alio

96 574 300 630 dignatur
319 587 534 628 responso,
567 586 694 626 quam
719 570 828 625 justi
852 569 1017 625 judicii,
1050 577 1094 611 et
1123 568 1266 611 meriti
1297 568 1417 610 exitii
1448 568 1492 608 in
1523 575 1692 609 autores

97 648 434 701 denuntiatione,
457 651 481 692 8
505 664 545 689 V.
566 638 643 685 καὶ
666 637 725 701 μὴ
750 647 862 703 (sub.
883 646 1086 689 faciemus
1107 646 1230 699 mala,
1253 652 1301 688 ut
1322 645 1434 688 bona
1454 645 1689 699 eveniant,)

97 723 208 766 sicut
238 723 347 765 male
378 724 432 764 de
462 722 584 764 nobis
616 722 785 775 dicitur,
818 729 862 764 et
893 721 1003 763 sicut
1044 721 1164 763 aiunt
1194 736 1271 762 nos
1303 720 1456 774 dicere,
1488 720 1692 762 faciamus

95 798 219 851 mala,
237 805 287 840 ut
306 798 419 840 bona
439 797 653 840 eveniant.
713 796 797 838 Est
817 796 950 852 igitur
971 795 1128 851 ellipsis
1150 795 1240 837 sine
1262 795 1348 837 ulla
1369 794 1613 850 parenthesi
1633 794 1694 837 le-

96 873 251 930 genda.
310 872 563 914 Notandum
585 871 630 912 in
648 871 828 912 Davidis
850 870 990 912 verbis
1005 870 1220 925 justitiam
1242 869 1505 912 sermonibus
1522 869 1691 922 divinis,

96 947 319 990 victoriam
330 947 503 1002 judiciis
520 945 663 988 tribui.
713 945 898 988 Justitia
914 945 1140 987 verborum
1156 945 1381 987 veritatem
1394 944 1497 997 Dei,
1514 944 1694 987 victoria

92 1022 349 1078 judiciorum
361 1021 575 1076 justitiam
594 1021 662 1076 (ut
678 1020 986 1075 interpretatur
1000 1019 1176 1075 Apost.)
1194 1019 1390 1075 int-elligi,
1409 1026 1451 1061 et
1469 1019 1528 1061 sic
1544 1019 1588 1060 in
1602 1019 1694 1061 He-

98 1097 226 1139 braeo
246 1112 378 1152 purus
394 1096 515 1138 Deus
535 1095 580 1136 in
595 1095 829 1150 judicando
846 1094 1015 1147 dicitur,
1033 1093 1106 1136 Ps.
1127 1094 1171 1135 li.
1195 1096 1233 1137 9.
1287 1093 1453 1146 Quinta
1469 1094 1692 1150 occupatio

98 1172 224 1227 hujus
246 1170 397 1226 capitis
419 1177 512 1212 orta
533 1185 586 1212 ex
606 1169 878 1225 responsione
899 1169 1059 1224 primae
1081 1168 1345 1223 objectionis,
1405 1169 1498 1210 Nos
1520 1184 1573 1210 ne
1591 1184 1693 1224 ergo

98 1246 132 1289 J
135 1246 260 1288 udaei
280 1245 481 1302 gentibus
498 1244 822 1300 praecellimus?
863 1243 1127 1299 Respondet,
1144 1244 1261 1285 nullo
1277 1244 1417 1297 modo,
1435 1259 1562 1298 quam
1580 1243 1694 1285 enim

102 1320 398 1364 excellentiam
414 1319 636 1371 tribuerat,
654 1335 694 1360 v.
712 1321 752 1371 2,
770 1318 852 1359 fuit
869 1333 921 1360 ex
941 1325 1063 1373 parte
1079 1317 1166 1360 Dei
1186 1318 1229 1359 in
1248 1317 1434 1372 Christo,
1453 1334 1505 1360 ex
1526 1319 1696 1361 foedere

99 1395 263 1452 gratiae
277 1393 511 1436 communis
526 1393 720 1435 omnibus
732 1392 1001 1445 Christianis,
1011 1407 1266 1447 quamquam
1283 1408 1410 1448 supra
1423 1408 1693 1435 communem

105 1470 282 1512 aliarum
303 1468 500 1525 gentium
521 1475 680 1509 sortem
701 1467 802 1509 data
821 1467 929 1523 lege,
953 1474 996 1509 et
1017 1466 1350 1520 circumcisione,
1372 1467 1550 1522 aliisque
1571 1467 1699 1510 colla-

96 1543 154 1586 tis
174 1542 390 1586 beneficiis
412 1558 539 1598 quam
560 1541 751 1598 plurimis
773 1541 1019 1584 universum
1039 1540 1274 1583 Judaicum
1303 1542 1509 1597 populum
1531 1542 1695 1584 extule-

97 1626 166 1661 rat
181 1618 282 1661 olim
297 1617 443 1660 Deus:
471 1632 584 1659 nunc
600 1632 702 1659 vero
717 1623 849 1672 negat
865 1615 1000 1657 ullum
1015 1622 1169 1657 natura
1185 1615 1412 1658 discrimen
1429 1632 1533 1670 esse,
1551 1617 1692 1672 quoad

99 1708 270 1736 causam
285 1691 605 1747 justificationis
627 1705 816 1746 operum,
837 1690 951 1733 iuter
971 1690 1165 1732 Judaeos
1187 1697 1230 1733 et
1249 1697 1415 1746 gentes,
1432 1692 1549 1746 quod
1569 1707 1694 1747 supe—

99 1768 211 1810 riore
252 1765 614 1809 demonstratione
655 1781 680 1807 a
719 1780 765 1808 se
805 1765 1144 1808 demonstratum
1186 1772 1230 1807 et
1269 1765 1512 1808 confectum
1552 1767 1692 1809 docet.

99 1842 255 1885 Utitur
275 1841 404 1884 verbo
425 1841 582 1884 forensi
602 1833 961 1897 πξοητιασάμεθα,
984 1840 1012 1882 i.
1031 1855 1068 1882 e.
1090 1847 1190 1882 ante
1211 1840 1425 1882 criminati
1445 1856 1602 1894 sumus,
1625 1841 1695 1884 vel

98 1916 242 1974 potius
263 1916 501 1959 accusando
522 1923 567 1958 et
586 1915 849 1958 criminando
870 1930 963 1957 reos
985 1914 1226 1971 peregimus
1248 1923 1292 1957 et
1313 1915 1574 1958 convicimus
1592 1917 1630 1957 1.
1648 1923 1694 1958 et

99 1993 124 2034 2
147 2006 239 2047 cap.
301 1989 444 2043 Quam
473 1989 786 2032 convictionem
806 1989 989 2032 ,Iudaeis
1015 1997 1059 2031 et
1087 1988 1290 2045 gentibus
1320 2004 1589 2032 communem
1608 1989 1693 2032 Ju-

99 2067 303 2109 daeorum
323 2081 451 2108 causa
470 2065 738 2121 potissimum
757 2063 914 2107 divinis
942 2063 1198 2106 testimoniis
1219 2063 1431 2120 obsignat.
1492 2063 1582 2106 Ubi
1602 2079 1694 2108 rur-

99 2157 171 2185 sus
200 2140 332 2183 habes
362 2140 572 2196 picturam
602 2138 786 2182 hominis
815 2154 900 2181 non
931 2138 1128 2195 regeniti,
1155 2138 1283 2195 longe
1313 2138 1694 2181 luculentissimam

98 2215 297 2273 penicillo
319 2214 481 2270 Spirito
504 2213 664 2257 Sancto
687 2213 732 2255 in
763 2213 893 2256 sacris
922 2213 1080 2255 tabulis
1110 2213 1381 2269 descriptam,
1403 2220 1447 2256 et
1477 2213 1692 2269 depictam

98 2290 209 2334 vivis
225 2290 449 2334 coloribus.
508 2288 679 2331 Adimit
699 2287 908 2331 universis
929 2295 973 2331 et
994 2287 1172 2344 singulis
1191 2287 1435 2330 hominibus
1455 2287 1592 2343 primo
1600 2289 1694 2344 jus-

99 2363 241 2407 titiam
271 2379 453 2417 omnem,
484 2363 640 2406 deinde
671 2377 817 2405 sanam
846 2350 1190 2418 intelligentiam,
1221 2368 1314 2404 tum
1345 2361 1536 2404 studium
1566 2370 1693 2406 omne

99 2438 273 2495 pietatis
292 2445 369 2480 aut
387 2438 474 2480 Dei
500 2437 757 2493 quaerendi:
787 2451 888 2479 mox
908 2436 1098 2479 omnium
1118 2436 1402 2479 defectionem
1422 2436 1562 2491 docet,
1583 2433 1691 2481 adeo

99 2521 151 2556 ut
171 2512 275 2555 facti
294 2512 468 2555 inutiles
489 2512 588 2555 boni
616 2512 775 2555 faciant
794 2511 915 2565 nihil,
935 2526 991 2554 ne
1010 2526 1122 2553 unus
1142 2510 1342 2566 quidem3
1373 2517 1504 2567 atque
1523 2510 1628 2555 haec
1650 2527 1691 2555 v.

103 2589 172 2640 10,
195 2588 263 2640 11,
285 2593 329 2629 et
352 2588 419 2640 12,
441 2602 496 2629 ex
514 2587 588 2630 Ps.
608 2587 696 2629 xiv.
719 2593 764 2629 et
782 2586 858 2628 liii.
919 2585 1010 2628 Ubi
1030 2585 1174 2628 Deum
1204 2592 1254 2628 ut
1283 2585 1475 2628 omnium
1504 2586 1646 2629 rerum
1667 2601 1691 2629 e
1733 2627 1735 2629 ,

101 2661 220 2705 coelo
240 2661 550 2717 speculatorem
570 2669 614 2704 et
634 2661 900 2718 cognitorem
928 2659 1096 2703 inducit
1115 2659 1334 2716 Propheta
1352 2675 1440 2703 non
1460 2660 1693 2703 testifican-

103 2743 193 2779 tem
213 2736 354 2789 modo,
376 2735 453 2778 sed
473 2735 601 2778 etiam
624 2735 836 2790 judicium
857 2734 1066 2778 ferentem
1083 2734 1140 2777 de
1169 2749 1326 2791 genere
1355 2734 1555 2788 humano,
1577 2734 1693 2790 quod

100 2810 348 2853 universum
376 2809 518 2865 arguit
537 2799 825 2858 ἅποστασιοίς,
848 2826 888 2853 v.
912 2811 980 2864 13,
1004 2811 1071 2864 14,
1095 2810 1162 2864 15,
1194 2825 1248 2852 ex
1272 2810 1345 2853 Ps.
1370 2826 1412 2853 v.
1436 2811 1503 2864 10,
1535 2815 1579 2852 et
1609 2809 1691 2852 01:1⁵.

101 2887 142 2940 4,
164 2891 208 2927 et
228 2899 270 2926 x.
295 2887 345 2934 73
376 2883 544 2938 Esaiae,
574 2883 648 2926 lix.
671 2887 710 2926 7.
771 2883 948 2940 Organa
967 2883 1084 2928 vocis
1113 2884 1201 2926 fere
1221 2883 1364 2926 omnia
1390 2897 1567 2926 numero
1587 2895 1693 2939 qua-¹
