1887 3188
713 217 815 248 CAP.
838 220 908 249 111.
931 209 1075 251 21-26.
1610 208 1693 250 43⁷

94 341 229 391 parta,
251 336 326 379 has
358 343 443 380 tres
474 353 621 380 causas
643 338 855 394 explanat,
880 339 1077 386 Gratiam
1105 340 1247 382 Patris
1278 347 1451 383 aeterno
1473 341 1564 396 ejus
1596 355 1691 395 pro-

93 410 246 465 posito,
278 426 363 466 quo
383 412 719 467 praedestinavit
749 413 1076 468 pacificatorem,
1106 421 1149 456 et
1180 414 1526 470 propitiatorem3
1558 414 1691 457 Meri—

94 491 189 526 tum
211 484 385 539 Christi,
408 486 482 541 qui
511 486 754 542 propositus
775 487 828 529 ab
850 495 1023 530 aeterno
1045 488 1098 530 de
1130 488 1344 530 sententia
1364 488 1520 541 Patris,
1544 495 1587 530 et
1608 487 1687 530 sub

93 558 189 615 lege
218 559 436 602 umbratili
466 561 761 617 propitiatorio
792 562 1005 605 hircorum
1035 562 1240 618 piaculari
1275 562 1482 618 sanguine
1518 577 1689 618 asperso

92 633 417 690 praefiguratus,
455 643 498 678 et
534 636 624 691 ipse
664 637 840 679 tandem
878 637 924 678 in
958 637 1225 693 plenitudine
1262 644 1503 693 temporum
1539 652 1688 678 verum

93 707 407 763 placamentum
430 726 505 752 suo
522 711 654 766 ipsius
671 712 877 768 sanguine
898 712 1124 754 irroratum
1142 712 1357 755 exhibitus
1373 729 1382 753 ε
1411 712 1525 754 hunc
1543 710 1690 754 Chris-

92 788 198 836 tum,
228 776 462 841 ἱλαστῆξιον
486 777 561 824 noba
586 778 769 842 ι’λασμιὸν
791 795 996 840 nostrum,
1023 787 1249 844 recipimus
1271 802 1347 842 per
1375 786 1505 828 fidem
1527 784 1688 828 efficaci

93 858 339 911 operatione
358 859 542 914 Spiritus
560 860 757 913 Sanctus,
772 869 901 916 atque
918 861 978 903 ita
994 862 1206 918 conjungo
1220 854 1452 917 ι’λαστῆξιον
1466 876 1562 904 cum
1577 853 1612 899 ἐν
1626 854 1687 915 τῷ

92 924 230 971 (3607·οῧ
251 925 426 989 ἆῖμιατι,
452 942 495 977 et
516 936 577 978 ita
598 937 776 978 docetur
798 936 1018 979 Christum
1040 944 1084 978 et
1098 936 1314 991 justitiam
1334 935 1642 991 Evangelicam
1663 950 1688 977 a

91 1007 188 1064 lege
210 1009 503 1052 testimonium
523 1010 692 1053 habere.
753 1011 959 1066 Sequitur
980 1018 1132 1066 quarta
1152 1026 1279 1053 causa
1299 1010 1535 1053 communis
1552 1009 1687 1063 Patri,

92 1081 205 1125 Filio
222 1091 265 1126 et
288 1084 468 1140 Spiritui
490 1084 663 1139 Sancto,
681 1085 853 1128 tametsi
869 1086 964 1128 Deo
986 1085 1107 1127 Patri
1127 1085 1399 1141 peculiariter
1419 1084 1550 1127 tribui
1571 1084 1690 1128 vide-

90 1164 212 1200 atur:
243 1158 339 1201 finis
357 1160 470 1202 enim
491 1167 556 1202 est
577 1160 746 1202 divinae
762 1160 956 1215 justitiae
973 1160 1202 1203 celebratio
1224 1176 1299 1203 seu
1319 1160 1560 1213 illustratio,
1577 1175 1688 1215 quae

89 1232 186 1275 finis
208 1233 262 1276 ob
292 1235 493 1289 majorem
516 1234 812 1277 efficacitatem
843 1242 887 1278 et
918 1235 1179 1278 evidentiam
1209 1235 1340 1277 semel
1370 1242 1500 1290 atque
1530 1235 1689 1277 iterum

88 1308 228 1364 posita
249 1316 327 1362 est,
350 1316 394 1351 et
415 1310 515 1364 quia
536 1310 773 1352 declaratae
798 1310 994 1364 justitiae
1016 1310 1101 1352 Dei
1120 1325 1291 1352 causam
1321 1309 1590 1365 interposuit,
1613 1324 1688 1352 ne-

88 1383 269 1426 cessario
290 1385 524 1440 repetenda
543 1384 637 1426 fuit.
699 1383 841 1427 Causa
861 1390 1005 1426 autem
1027 1385 1317 1426 ostendendae
1338 1384 1410 1439 huj
1419 1400 1465 1426 us
1489 1384 1687 1439 justitiae

87 1457 171 1500 fuit
201 1459 292 1513 ejus
323 1458 402 1500 sub
425 1458 560 1501 veteri
580 1458 858 1501 Testamento
880 1458 1002 1514 quasi
1023 1458 1277 1512 obscuratio,
1309 1474 1394 1500 non
1426 1459 1550 1500 aliter
1570 1474 1619 1501 ac
1650 1458 1687 1502 si

26 1572 29 1575 .
85 1532 208 1576 Deus
241 1533 548 1576 dissimulasset
581 1549 701 1575 suam
730 1533 947 1588 justitiam
982 1549 1037 1575 ex
1071 1533 1342 1589 indulgentia
1374 1549 1477 1589 erga
1511 1534 1683 1587 electos,

85 1622 184 1650 cum
214 1608 405 1650 nondum
434 1609 496 1649 illi
526 1623 601 1664 pro
623 1608 811 1663 ipsorum
836 1607 1022 1663 peccatis
1052 1623 1200 1663 reapse
1230 1607 1392 1650 factum
1423 1615 1536 1650 esset
1567 1608 1684 1650 satis.

85 1683 188 1726 Huc
219 1690 386 1739 spectat
415 1683 672 1739 praepositio
694 1674 765 1722 διοὶ
796 1699 894 1725 cum
914 1689 1066 1738 quarto
1097 1698 1211 1736 casu,
1244 1691 1288 1725 et
1317 1698 1474 1725 nomen
1498 1675 1681 1738 πάρεσις,

86 1773 196 1814 quae
217 1773 436 1813 nunquam
466 1757 680 1813 significat
699 1757 933 1814 gratuitam
954 1757 1309 1800 condonationem
1332 1765 1375 1800 et
1396 1758 1565 1801 veniam
1585 1773 1686 1814 pec-

85 1839 291 1886 catorum,
309 1833 383 1874 sed
401 1824 547 1884 ἄφεσις
563 1833 677 1888 apud
692 1832 951 1888 Apostolum
965 1839 1008 1874 et
1022 1832 1125 1874 alios
1141 1831 1307 1875 Graece
1320 1831 1533 1887 loquutos.
1579 1831 1684 1874 Ter-

84 1907 159 1962 tio,
177 1923 304 1950 causa
319 1903 393 1954 *ΐῆς
406 1899 611 1963 παξὲσεως
627 1923 713 1950 non
730 1916 795 1950 est
807 1923 914 1964 pura
928 1914 1034 1963 puta
1051 1906 1338 1949 misericordia
1351 1906 1432 1949 hoc
1447 1906 1554 1960 loco,
1572 1920 1682 1961 quae

83 1983 173 2026 sola
193 1989 260 2025 est
290 1997 417 2024 causa
447 1981 705 2025 remissionis
735 1989 1021 2038 peccatorum,
1053 1982 1129 2024 sed
1160 1972 1290 2034 ἀνοχῆ
1313 1976 1418 2029 θεοῦ,
1451 1979 1681 2023 tolerantia

83 2057 183 2112 Dei,
214 2073 324 2114 quae
353 2072 535 2113 poenam
556 2062 600 2100 et
630 2057 839 2099 ultionem
868 2072 955 2099 non
984 2071 1155 2112 prorsus
1185 2056 1312 2109 tollit,
1344 2055 1420 2098 sed
1451 2054 1596 2098 differt
1625 2055 1682 2097 ad.

80 2140 265 2189 tempus.
324 2131 525 2187 Denique
546 2122 830 2188 wgoyeyovciroe
854 2122 1170 2187 ἁμαξτῆμιατα,
1192 2137 1293 2173 ante
1315 2129 1538 2173 Christum
1559 2127 1678 2172 exhi-

81 2207 222 2251 bitum
242 2206 468 2250 commissa
487 2215 677 2263 peccata,
699 2206 977 2249 conferuntur
996 2221 1095 2248 cum
1115 2205 1332 2261 praesenti
1352 2212 1558 2260 tempore,
1581 2218 1680 2259 quo,

85 2281 259 2326 Christo
293 2297 370 2339 pro
405 2281 593 2338 peccatis
628 2288 810 2335 mortuo,
842 2280 1083 2323 declaratur
1110 2279 1282 2335 justitia
1308 2278 1407 2332 Dei,
1439 2293 1567 2334 quam
1599 2292 1680 2334 ego

81 2356 352 2412 interpretor,
384 2356 671 2410 severitatem,
693 2371 778 2411 qua
807 2370 862 2397 ne
891 2354 979 2397 filio
1000 2354 1173 2410 quidem
1204 2369 1280 2396 suo
1302 2353 1506 2410 pepercit,
1528 2352 1605 2395 sed
1633 2351 1681 2394 in

81 2438 265 2474 mortem
285 2431 463 2473 tradidit
482 2431 615 2484 illum,
637 2436 687 2472 ut
708 2445 809 2472 suae
827 2428 1024 2485 justitiae
1045 2428 1285 2471 satisfieret.
1345 2427 1476 2470 Unde
1498 2427 1680 2484 emergit

77 2505 262 2562 justitia,
278 2520 364 2561 qua
382 2520 460 2548 nos
474 2505 773 2560 justificamur,
791 2511 835 2547 et
856 2503 1026 2546 divinae
1042 2503 1236 2546 veritatis
1257 2509 1303 2545 et
1322 2502 1424 2545 fidei
1444 2503 1681 2546 secundum

82 2580 314 2638 gratiosam
343 2579 390 2621 in
410 2579 583 2623 Christo
613 2579 937 2636 promissionem
966 2577 1198 2634 praestatio
1230 2583 1274 2619 et
1304 2577 1678 2633 complementum.

81 2654 274 2718 ,Ideoque
302 2653 432 2695 finem
461 2653 619 2710 repetit
653 2659 783 2708 atque
819 2652 1018 2708 explicat,
1049 2645 1104 2698 ἐις
1137 2642 1188 2692 ‘td
1211 2645 1309 2692 ἐιναι
1338 2641 1466 2691 ἀντ-ὂν
1503 2642 1674 2698 δίκαιον,

83 2727 159 2772 ubi
189 2721 288 2768 ἒιναι
305 2734 371 2770 est
386 2727 500 2770 idem
516 2728 630 2783 quod
648 2723 931 2784 φανερωθῆναι,
949 2728 1108 2784 alioqui
1122 2728 1244 2771 Deus
1260 2728 1314 2771 ab
1330 2735 1504 2770 aeterno
1519 2727 1678 2781 justus,

82 2810 128 2847 et
146 2803 229 2846 hoc
249 2817 376 2845 sensu
396 2801 541 2844 Deum
571 2817 662 2844 esse
683 2810 727 2845 et
740 2803 906 2858 justum
929 2819 1021 2846 esse
1042 2810 1108 2846 est
1127 2803 1256 2846 idem.
1318 2792 1411 2842 Koa*
1433 2794 1678 2842 δικαιοῦντα

82 2868 152 2918 τᾶν
169 2870 218 2918 ἐκ
240 2868 417 2922 πίστεως
435 2866 605 2930 Ἰησοῦ]
629 2875 742 2919 Cum
761 2892 928 2920 summa
941 2877 1114 2932 justitia
1125 2877 1402 2933 conjungitur
1422 2875 1492 2918 hic
1512 2890 1679 2918 summa.
