1887 3188
737 230 838 259 CAP.
862 230 892 258 Ι.
916 219 1061 259 20-23.
1609 215 1691 255 419

96 350 178 393 tati
194 350 458 408 ingeniorum
481 348 742 406 indulgendo
759 348 966 390 rationem
985 362 1153 389 omnem
1168 347 1407 402 perdamus,
1425 361 1520 388 cum
1538 362 1562 388 a
1577 346 1693 401 prin-

96 426 217 482 cipiis
239 433 392 468 natura
406 426 519 467 notis
537 425 591 466 ad
612 423 774 466 cerebri
790 422 925 464 nostri
947 422 1227 463 deliramenta
1247 436 1295 463 ac
1311 421 1517 476 figmenta
1533 420 1692 462 delabi-

93 510 212 542 mur:
244 500 481 555 cujusmodi
503 499 696 554 exempla
714 498 858 540 videre
876 504 942 539 est
963 497 1077 552 apud
1097 495 1384 551 philosophos,
1403 502 1447 536 et
1464 494 1691 536 Platonem

92 574 232 630 ipsum
252 575 296 616 in
320 574 548 618 Socraticis
570 572 830 629 dialogismis
849 588 858 614 ι
890 571 1046 613 Verbis
1067 570 1136 613 hic
1158 570 1296 612 utitur
1310 569 1434 611 valde
1451 568 1628 625 signatis
1647 576 1691 610 et

90 650 442 706 significantibus.
504 648 663 691 Confer
683 663 780 690 cum
801 647 858 688 iv.
879 661 971 702 cap.
1003 647 1069 699 18,
1104 647 1170 698 17,
1192 659 1319 687 versu
1349 643 1403 685 ad
1434 643 1594 699 Ephes.
1616 643 1690 684 ubi

92 724 221 766 habes
242 716 521 780 ματαιότητα
546 720 623 762 τοῦ
646 713 729 768 νὸος
753 714 904 769 ἀυτῶν,
925 712 1003 760 καὶ
1027 711 1338 775 ἐσκοτισμὲνους
1355 730 1406 774 τῃ
1433 709 1592 772 &aucta
1618 707 1688 756 διοὶ

27 798 32 802 ’
89 790 161 842 τῆν
207 790 378 852 ἄγνοιαν
424 791 494 844 τήν
542 789 668 837 οὖσαν
704 791 739 836 ἐν
775 790 932 844 &vv-ok,
971 786 1041 834 διὰ
1075 787 1145 842 τὴν
1180 785 1359 850 πώρωσιν
1398 789 1472 839 τῆς
1510 784 1688 848 καρδίας

92 866 239 912 ἀυτῶν.
311 866 520 918 Ασύνετος
560 873 664 928 quid
704 872 760 914 sit
801 878 844 913 et
885 862 1037 915 σύνεσις
1072 869 1171 911 vide
1209 867 1423 911 Camerar.
1460 866 1504 907 in
1541 866 1686 907 Ethic.

89 948 226 990 Arist.

146 1022 294 1079 Atque
321 1024 426 1066 haec
453 1023 685 1066 voluntatis
708 1029 751 1065 et
771 1021 1014 1064 intellectus
1045 1019 1286 1076 corruptela
1307 1026 1350 1061 et
1371 1018 1567 1071 coecitas,
1599 1017 1684 1059 imo

87 1098 236 1140 insana
256 1099 441 1141 amentia
463 1099 603 1154 quoad
633 1098 845 1139 internam
875 1096 1129 1138 idolatriam.
1190 1095 1385 1136 Externa
1414 1093 1608 1149 sequitur
1628 1094 1682 1134 22

89 1179 133 1214 et
155 1175 209 1215 23
232 1189 272 1214 v.
294 1188 403 1227 quae
425 1180 490 1215 est
520 1164 771 1228 μιωξοσοφία.
842 1171 1106 1226 Sapientiam
1127 1168 1304 1225 professi
1328 1169 1396 1224 (ut
1419 1167 1577 1210 Graeci
1600 1166 1685 1223 pri-

92 1262 208 1288 mum
231 1239 362 1298 σοφοί,
396 1247 622 1303 sapientes,
645 1254 794 1303 postea
821 1238 1052 1298 φιλόσοφοι,
1086 1244 1320 1301 sapientiae
1351 1241 1530 1285 studiosi
1551 1256 1576 1282 a
1596 1240 1684 1295 Py-

86 1321 267 1378 thagora
297 1329 396 1364 sunt
427 1322 640 1377 appellati,
672 1322 725 1364 de
756 1336 840 1376 quo
863 1320 954 1363 Cic.
984 1321 1099 1361 Tusc.
1123 1322 1161 1371 5,
1183 1333 1346 1374 puram,
1376 1324 1525 1373 putam
1555 1315 1683 1357 fatui-

86 1403 234 1448 tatem,
269 1403 313 1438 et
345 1396 544 1438 insulsam
580 1396 873 1448 stoliditatem,
905 1395 1163 1450 impiamque
1194 1392 1422 1435 stultitiam
1453 1390 1593 1443 dictis,
1627 1392 1681 1431 22

86 1486 127 1513 v.
152 1470 275 1513 factis
307 1473 361 1514 23
392 1486 531 1523 verSU,
563 1477 709 1526 aperte
740 1471 941 1526 produnt.
1006 1468 1312 1524 Emphaticum
1343 1474 1409 1509 est
1440 1458 1680 1517 φάσκοντες,

84 1545 319 1601 sapientiae
336 1539 651 1602 persuasionem
669 1551 712 1587 et
722 1544 974 1600 jactantiam
990 1543 1043 1586 ob
1057 1543 1201 1585 oculos
1213 1557 1376 1598 ponens
1390 1557 1400 1591 3
1423 1542 1526 1596 quin
1543 1548 1588 1583 et
1600 1541 1684 1582 tria

87 1619 230 1668 verba,
263 1613 595 1674 ἐματαιώθησαν,
633 1612 858 1666 ἑσκοτισθη,
896 1611 1176 1674 ἐμωράνθησαν
1211 1616 1380 1672 passiva
1415 1631 1513 1658 cum
1547 1615 1683 1657 incre-

84 1700 230 1736 mento
246 1709 515 1750 progressum
536 1695 709 1746 habent,
731 1703 776 1736 et
796 1694 1068 1749 reciprocam,
1089 1702 1139 1734 ut
1160 1692 1322 1748 opinor,
1340 1707 1392 1733 ex
1409 1690 1679 1742 Hebraismo,

86 1768 466 1824 significationem:
497 1768 561 1810 Ut
578 1768 854 1824 significetur,
872 1768 985 1823 ipsos
1007 1783 1051 1809 se
1067 1766 1259 1808 homines
1282 1774 1326 1808 et
1347 1766 1614 1808 dementasse
1635 1773 1681 1808 et

84 1842 330 1896 infatuasse,
352 1843 487 1886 donec
508 1843 741 1895 dementes,
762 1842 1024 1898 insipientes,
1048 1849 1091 1884 et
1112 1841 1220 1883 fatui
1251 1856 1421 1897 prorsus
1452 1839 1679 1883 evaserint.

83 1917 252 1959 Idolum
269 1933 388 1960 mens
404 1917 603 1973 concipit,
619 1933 770 1959 manus
786 1917 910 1973 parit,
928 1917 1024 1959 ideo
1041 1916 1234 1971 sequitur
1250 1919 1306 1958 23
1324 1932 1364 1957 v.
1411 1917 1437 1940 ‘⁴
1449 1914 1680 1957 Mutat-unt

82 1992 262 2049 gloriam
296 1992 630 2048 incorruptibilis
665 1992 763 2045 Dei,
801 1993 907 2034 etc.’'
970 1990 1167 2034 Observa.
1201 1989 1450 2043 antithesin,
1485 1989 1677 2046 gloriam,

82 2066 405 2110 similitudinem
417 2066 614 2123 imaginis
631 2082 642 2117 ;
664 2065 963 2122 corruptibilis,
980 2064 1337 2121 incorruptibilis3
1360 2064 1446 2107 Dei
1461 2064 1677 2116 creatoris,

81 2148 302 2184 creaturae
331 2141 545 2196 gradatim
574 2141 830 2194 vilescentis,
863 2141 1021 2197 quippe
1050 2139 1247 2194 hominis,
1280 2139 1513 2193 volucrum,
1545 2139 1680 2195 quad-

79 2216 304 2272 rupedum,
319 2222 579 2272 serpentum.
630 2215 743 2258 Vide
760 2215 881 2271 quasi
896 2215 941 2257 in
956 2215 1124 2271 pictura
1137 2214 1437 2257 idolomaniam
1453 2213 1676 2266 Gentium,

81 2298 126 2334 et
140 2291 367 2346 mysticam
388 2290 704 2347 Aegyptiorum
725 2289 997 2347 theologiam,
1019 2287 1538 2346 omnigenumque-Deum
1559 2302 1679 2330 mon-

82 2372 183 2418 stra,
195 2373 246 2408 ut
258 2365 388 2408 habet
401 2373 541 2422 poeta.
586 2365 735 2420 Atque
751 2365 958 2407 hactenus
971 2364 1166 2407 veritatis
1179 2362 1375 2419 captivae
1389 2378 1443 2405 ex
1454 2362 1678 2419 impietate

81 2447 127 2483 et
147 2439 358 2495 injustitia
373 2441 566 2483 detentio
587 2441 643 2482 ad
662 2440 930 2496 impietatem
951 2446 995 2481 et
1016 2438 1270 2494 injustitiam
1291 2437 1511 2480 hominum
1533 2438 1680 2480 tradu-

80 2515 274 2558 cendam.
354 2513 559 2570 Sequitur
597 2514 744 2557 divina
779 2513 970 2556 vindicta
999 2513 1044 2554 in
1073 2512 1203 2569 impie
1232 2512 1414 2567 injustos
1445 2520 1490 2554 et
1518 2511 1678 2567 injuste

79 2589 232 2645 impios
266 2588 472 2641 homines,
507 2589 746 2644 cujusmodi
774 2596 930 2631 natura
964 2603 1109 2631 sumus
1145 2602 1291 2630 omnes
1304 2599 1319 2637 '3
1361 2594 1512 2643 estque
1541 2602 1678 2643 paena

79 2670 256 2720 peccato
287 2662 465 2718 analoga
494 2678 549 2705 ex
577 2663 662 2705 Dei
685 2663 858 2718 justitia
888 2670 932 2706 et
953 2662 1072 2718 quasi
1099 2662 1196 2719 lege
1225 2661 1426 2705 talionis:
1455 2661 1572 2704 Nam
1602 2662 1678 2704 ho-

78 2738 214 2780 mines
235 2737 279 2779 in
299 2737 444 2779 Deum
463 2737 760 2780 contumeliosi
779 2745 909 2794 atque
929 2737 1074 2793 injurii
1102 2736 1412 2793 permittuntur
1441 2735 1534 2790 sibi,
1560 2742 1610 2778 ut
1629 2751 1676 2779 se

78 2811 348 2855 contumeliis
369 2817 499 2867 atque
525 2810 691 2866 injuriis
710 2819 862 2854 mutuo
880 2811 995 2854 inter
1014 2826 1059 2854 se
1080 2811 1292 2855 afficiant:
1323 2810 1409 2853 imo
1439 2810 1560 2852 Deus
1583 2809 1676 2865 jus-

17 2943 19 2947 .
77 2885 269 2930 tissimus
282 2885 418 2942 judex
438 2884 654 2928 hominem
675 2885 761 2928 suis
781 2885 1102 2941 cupiditatibus,
1119 2885 1255 2929 foedis
1271 2885 1508 2939 affectibus,
1524 2891 1570 2928 et
1583 2899 1676 2928 cor·-

789 2960 918 3001 2122
