1887 3188
741 240 842 270 CAP.
866 241 908 269 v.
935 230 1019 270 1-2.
1594 231 1678 271 445

606 508 907 562 QUINTUM
939 509 1160 553 CAPUT.

141 659 280 703 Infert
311 674 403 715 cap.
425 675 466 701 v.
490 674 542 701 ex
566 659 875 714 justificatione
906 659 1006 702 fidei
1036 660 1290 703 beneficium
1321 660 1437 716 pacis
1462 676 1559 702 cum
1585 661 1681 704 Deo

86 735 257 791 (contra
281 751 396 778 vero.
428 750 519 790 cap.
541 735 582 788 i.,
617 751 655 777 v.
690 737 756 788 18,
787 727 1152 774 ἀποκαλύπτεται
1179 726 1263 791 ’γάρ
1287 726 1384 791 ὀξγῆ
1410 727 1522 791 θεοῦ)
1554 751 1681 791 quam

83 810 209 852 multi
222 811 531 865 interpretatur
542 809 897 864 tranquillitatem
915 810 1213 863 conscientiae,
1231 826 1307 852 nos
1322 826 1422 852 vero
1440 811 1684 853 reconcilia—

84 884 258 938 tionem,
273 885 398 940 hujus
416 884 737 939 tranquillitatis
754 900 937 937 causam,
960 900 1057 927 cum
1078 884 1289 940 Apostolo
1311 885 1385 940 qui
1406 901 1446 927 v.
1466 888 1503 938 9,
1524 887 1590 939 10,
1611 887 1679 939 11,

84 959 471 1001 reconciliationem
506 975 602 1001 cum
629 959 937 1013 justificatione
973 959 1210 1015 conjungit.
1290 960 1404 1002 Vide
1439 960 1601 1015 Ephes.
1637 960 1680 1003 ii.

84 1030 208 1072 ποιεῖν
243 1027 395 1089 εἰρήνην,
430 1024 505 1072 nott
531 1026 894 1082 ἀποκαταλλάξη,
923 1035 1015 1087 Kc,
1052 1027 1306 1079 ἀποκτὲινας
1340 1027 1409 1080 τῆν
1441 1026 1600 1090 ἔχθραν,
1638 1039 1682 1074 et

85 1100 390 1160 ἐυηγγελίσατο
425 1101 578 1164 εἰξῆνην,
617 1100 679 1146 ὅτι
716 1100 755 1147 δι’
788 1102 924 1148 αυτοῦ
960 1101 1106 1164 ἔχομεν
1141 1100 1211 1155 τὴν
1248 1102 1524 1165 προσαγωγὴν
1560 1102 1594 1148 ἐν
1631 1100 1684 1148 ἑνὶ

85 1174 298 1237 πνὲυμιατι
323 1174 421 1238 πξὸς
445 1174 512 1222 τὸν
537 1176 713 1239 πάτεξα.
770 1183 900 1226 Unde
921 1191 1068 1225 manat
1089 1184 1246 1239 triplex
1267 1184 1338 1225 illa
1359 1184 1459 1226 fidei
1484 1183 1682 1240 gloriatio

86 1257 165 1299 sub
187 1273 261 1314 spe
288 1258 448 1314 gloriae
469 1258 567 1311 Dei,
589 1275 630 1300 v.
653 1261 692 1311 2,
715 1258 759 1299 in
781 1258 1094 1312 afflictionibus,
1117 1275 1158 1301 v.
1182 1261 1220 1311 3,
1253 1258 1296 1299 in
1318 1258 1414 1300 Deo
1435 1273 1511 1313 per
1531 1258 1682 1299 Domi-

85 1347 190 1374 num
219 1340 413 1375 nostrum
442 1333 476 1375 J
479 1349 596 1375 esum
619 1333 853 1386 Christum,
885 1349 962 1389 per
991 1349 1117 1388 quem
1148 1349 1263 1375 nunc
1293 1332 1682 1375 reconciliationem

85 1407 232 1463 adepti
248 1423 406 1461 sumus,
423 1424 465 1449 v.
484 1409 552 1449 11.
598 1407 729 1450 Unde
751 1408 864 1449 enim
885 1408 957 1449 illa
977 1407 1174 1464 gloriatio
1196 1407 1280 1449 nisi
1301 1407 1354 1449 ab
1377 1407 1564 1450 efficacia
1586 1407 1684 1463 Spi-

83 1481 193 1524 ritus
216 1481 377 1525 Christi
398 1482 694 1538 persuadentis
722 1483 844 1525 nobis
861 1499 1048 1525 amorem
1069 1483 1155 1525 Dei
1175 1483 1220 1524 in
1243 1482 1430 1536 Christo,
1449 1482 1523 1538 qui
1543 1489 1681 1525 morte

85 1563 130 1599 et
151 1556 357 1613 sanguine
379 1556 480 1598 Filii
500 1573 589 1610 nos,
608 1572 705 1599 cum
725 1564 970 1613 peccatores
993 1573 1193 1611 essemus,
1210 1557 1468 1612 justificatos
1485 1573 1495 1607 3
1519 1564 1563 1600 et
1584 1573 1682 1599 cum

83 1630 229 1674 hostes
251 1646 450 1684 essemus,
472 1631 779 1685 reconciliatos,
803 1639 868 1674 est
889 1632 933 1672 in
954 1632 1045 1673 vita
1065 1639 1312 1674 servaturus
1329 1647 1405 1687 per
1426 1631 1558 1673 vitam
1580 1631 1683 1673 Filii

86 1705 176 1756 sui3
209 1705 448 1760 atquc-hoc
478 1705 585 1761 quid
614 1705 730 1747 aliud
761 1713 838 1760 est,
868 1721 995 1761 quam
1026 1713 1144 1749 certa
1174 1706 1299 1760 salus,
1332 1722 1442 1762 quae
1466 1706 1682 1761 justitiam

84 1779 186 1823 fidei
216 1780 503 1835 consequitur.
575 1780 850 1822 Tantundem
879 1796 983 1837 ergo
1011 1780 1118 1823 dicit
1148 1781 1229 1823 hoc
1259 1796 1352 1836 cap.
1384 1779 1470 1822 acsi
1505 1780 1681 1835 diceret,

79 1855 306 1911 justificati
325 1855 409 1897 fide
431 1862 547 1897 certo
579 1854 855 1909 servabimur,
888 1855 978 1898 sive
1000 1855 1181 1898 salutem
1212 1861 1430 1897 aeternam
1451 1870 1684 1911 conseque-

84 1943 194 1983 mur,
231 1929 590 1984 quemadmodum
620 1929 788 1971 dixerat
818 1944 910 1985 cap.
935 1928 963 1971 i.
994 1929 1281 1986 Evangelium
1317 1945 1408 1972 esse
1442 1930 1680 1985 potentiam

85 2003 173 2047 Dei
208 2005 263 2046 ad
295 2003 489 2058 salutem,
523 2003 623 2059 quia
653 2019 729 2060 per
757 2003 864 2046 illud
891 1992 1063 2058 justitia
1097 2004 1184 2046 Dei
1215 2020 1268 2047 ex
1299 2004 1384 2047 fide
1414 2012 1683 2062 retegeretur

85 2077 132 2120 in
155 2078 298 2121 fidem.
356 2078 423 2120 Ut
453 2078 587 2134 igitur
614 2077 822 2121 hactenus
852 2094 997 2121 veram
1021 2078 1236 2134 justitiam
1266 2079 1588 2137 pervestigavit,
1620 2080 1682 2122 ita

85 2152 168 2196 hoc
188 2168 280 2210 cap.
302 2153 605 2196 certitudinem
627 2152 774 2195 salutis
795 2159 994 2196 aeternae
1015 2168 1070 2195 ex
1091 2169 1141 2196 ea
1155 2153 1327 2208 justitia
1348 2154 1527 2208 derivat,
1549 2162 1680 2210 atque

85 2228 365 2271 demonstrat.
410 2227 444 2270 J
446 2227 775 2270 ustificationem
794 2227 905 2270 hanc
926 2234 1053 2270 vocat
1073 2228 1376 2271 abductionem
1396 2244 1473 2284 per
1486 2228 1616 2271 fidem
1635 2229 1682 2270 in

85 2302 287 2360 gratiam3
309 2318 394 2358 qua
414 2302 590 2345 adducti
611 2301 768 2344 fuimus
791 2302 907 2358 (Deo
923 2302 1134 2356 trahente,
1151 2318 1249 2345 cum
1270 2310 1398 2346 antea
1412 2303 1551 2357 aversi
1571 2318 1683 2346 esse-

85 2376 201 2431 mus)
222 2392 300 2433 per
317 2377 447 2420 fidem
467 2376 512 2418 in
533 2376 728 2434 gratiam,
749 2376 794 2418 in
815 2392 900 2432 qua
919 2392 1033 2419 nunc
1050 2383 1224 2420 stamus.
1283 2376 1444 2420 Pacem
1463 2393 1565 2421 vero
1585 2393 1684 2421 cum

86 2451 197 2506 Deo,
228 2451 318 2494 sive
347 2451 734 2494 reconciliationem
764 2458 967 2504 nostram,
1000 2451 1183 2507 gratiam
1217 2451 1346 2505 illam,
1376 2452 1422 2493 in
1452 2467 1538 2508 qua
1565 2467 1681 2496 nunc

87 2532 263 2569 stamus.
324 2525 478 2569 Standi
498 2526 629 2569 verbo
650 2526 862 2583 significat
888 2526 1231 2582 perseverantiae
1253 2527 1426 2581 donum,
1447 2528 1564 2583 quod
1583 2543 1683 2570 cum

81 2599 400 2657 justificationis
422 2607 466 2643 et
489 2601 844 2644 reconciliationis
874 2600 1080 2644 beneficio
1110 2601 1394 2644 indissolubili
1421 2602 1590 2645 vinculo
1611 2617 1682 2646 co-

86 2674 248 2727 haeret,
270 2674 384 2716 unde
415 2689 510 2730 spes
539 2682 657 2718 certa
676 2675 867 2718 nascitur
896 2675 1058 2729 salutis,
1089 2682 1134 2718 et
1164 2675 1278 2718 vitae
1305 2683 1518 2720 aeternae.
1576 2677 1681 2720 Non

87 2755 179 2792 tam
198 2747 333 2804 igitur
345 2747 560 2803 justitiam
574 2749 676 2792 fidei
690 2749 771 2792 hoc
792 2765 884 2806 cap.
907 2750 1092 2807 explicat
1107 2749 1161 2793 ab
1177 2750 1355 2805 effectis,
1372 2767 1498 2807 quam
1521 2767 1574 2794 ex
1587 2751 1682 2806 jus-

88 2823 187 2866 titia
200 2812 303 2865 fidei
314 2822 490 2865 deducit
503 2811 891 2867 reconciliationem
907 2839 1005 2867 cum
1020 2824 1130 2879 Deo,
1151 2825 1492 2881 perseverantiae
1506 2825 1678 2880 donum,

89 2912 208 2954 spem
239 2896 400 2951 salutis,
431 2897 764 2940 consolationem
785 2898 829 2940 in
850 2899 1054 2953 adversis,
1085 2906 1130 2942 et
1158 2899 1460 2943 certitudinem
1481 2906 1680 2944 aeternae
