1887 3188
673 194 774 224 cAP.
799 195 841 222 x.
868 184 943 231 183
979 195 1040 224 x1.
1066 186 1103 225 G.
1607 188 1688 227 485

560 387 955 431 UNDECIMUM
987 389 1207 432 CAPUT.

142 537 290 580 Tertia
315 537 497 593 objectio
529 538 723 593 sequitur
751 538 874 581 initio
905 554 997 595 cap.
1022 539 1105 589 xi.;
1139 538 1206 582 Sit
1227 539 1300 593 ita,
1333 540 1447 582 dicat
1467 540 1675 594 Judaeus,

84 618 128 654 et
148 627 225 654 nos
247 612 473 665 audivisse,
506 619 550 654 et
565 613 654 667 jam
676 613 841 668 pridem
864 629 916 656 ex
937 613 1073 666 Mose,
1107 619 1151 655 et
1181 613 1311 655 Esaia
1331 629 1453 656 nosse
1475 615 1675 669 potuisse,

83 692 213 742 atque
235 687 340 729 adeo
361 686 611 743 cognovisse
642 687 759 740 haec,
792 703 845 729 an
872 688 991 730 Deus
1013 695 1238 744 propterea
1258 688 1452 743 rejecerit
1473 689 1676 744 populum

82 762 240 804 suum?
272 760 355 804 Cui
386 761 616 816 objectioni
645 762 887 817 respondet,
910 762 1118 811 Minime3
1150 769 1199 804 ut
1231 763 1304 818 qui
1324 763 1472 804 foedus
1502 769 1677 818 pactum

76 836 167 891 jam
188 836 287 878 olim
309 851 406 878 cum
427 836 583 892 populo
605 851 680 878 suo
702 843 948 878 constanter
969 844 1121 889 servet,
1144 852 1222 879 nec
1243 837 1578 890 universitatem,
1601 843 1676 879 aut

82 923 234 965 corpus
250 909 396 965 populi
418 910 482 951 sui
504 909 733 963 abdicasse,
752 911 866 965 quod
887 910 1036 965 probat
1060 904 1267 950 ἐνστάσει*
1289 911 1471 967 primum
1490 911 1675 967 singula-

80 983 138 1026 ris
160 984 343 1040 exempli
365 984 442 1037 sui,
465 984 539 1040 qui
559 1000 655 1027 cum
678 984 734 1026 sit
764 985 971 1038 Israelita,
995 1001 1047 1027 ex
1069 985 1314 1028 Abrahamo
1340 1001 1363 1027 e
1393 985 1677 1040 Binjaminica

80 1058 197 1100 tribu
218 1058 434 1112 oriundus,
456 1058 595 1115 gratia
611 1059 696 1101 Dei
717 1059 876 1101 factum
899 1065 976 1112 est,
993 1068 1043 1101 ut
1060 1059 1115 1101 sit
1138 1059 1408 1102 Christianus
1431 1066 1472 1101 et
1488 1053 1680 1114 Apostol

79 1132 146 1175 lus
164 1149 174 1174 :
198 1132 298 1189 &go
319 1148 404 1175 non
421 1148 566 1175 omnes
587 1133 748 1188 rejecti,
770 1133 797 1175 i.
813 1149 849 1175 e.
872 1133 1058 1175 universi
1080 1141 1123 1176 et
1141 1134 1311 1190 singuli3
1333 1134 1498 1176 tollitur
1517 1149 1673 1175 nomen

80 1206 319 1249 universale
350 1208 451 1249 data
471 1207 540 1249 vel
570 1222 655 1249 una
685 1207 888 1263 singulari
919 1207 1135 1249 instantia.
1196 1208 1365 1250 Deinde
1398 1208 1671 1250 distinctione

78 1281 237 1338 populi,
260 1281 375 1336 quod
391 1281 497 1323 alius
518 1281 668 1337 gratia,
691 1281 797 1323 alius
819 1289 971 1323 natura
992 1282 1047 1324 sit
1063 1282 1243 1338 populus
1259 1282 1344 1324 Dei
1362 1299 1372 1330 ς
1405 1282 1510 1324 alius
1532 1282 1671 1338 specie

77 1363 217 1409 tenus,
239 1355 345 1397 alius
375 1371 420 1397 re
446 1356 550 1411 ipsa.
609 1355 750 1397 Verus
782 1363 926 1397 autem
946 1356 1032 1397 Dei
1062 1356 1255 1411 populus,
1289 1363 1332 1398 et
1354 1356 1466 1398 solus
1492 1356 1565 1410 qui
1589 1356 1669 1398 hoc

77 1445 232 1472 nomen
254 1436 454 1483 meretur,
486 1445 612 1484 quem
635 1445 689 1471 ex
708 1430 847 1486 gratia
876 1430 1180 1486 praecognovit
1201 1430 1254 1472 ab
1275 1437 1448 1472 aeterno
1476 1437 1520 1472 et
1541 1430 1672 1487 elegit

76 1503 121 1545 in
144 1503 346 1547 Christo:
379 1519 431 1546 ex
461 1504 541 1546 hoc
569 1504 725 1560 populo
756 1520 810 1546 ne
841 1520 972 1546 unum
1004 1505 1176 1559 quidem
1201 1505 1351 1559 rejicit,
1383 1511 1458 1547 aut
1487 1505 1670 1559 rejectus

76 1584 155 1631 est,
177 1593 218 1620 v.
236 1579 276 1619 2.
321 1577 546 1620 Postremo
567 1577 728 1633 profert
749 1578 924 1620 alteram
948 1570 1146 1626 ἔνστασιν,
1166 1579 1233 1620 vel
1256 1579 1495 1634 exemplum
1518 1579 1667 1621 diebus

74 1652 211 1705 Eliae,
233 1667 274 1693 v.
291 1653 316 1693 2
333 1658 376 1693 et
395 1653 434 1705 3,
458 1667 554 1693 cum
575 1652 716 1694 nullus
730 1667 855 1693 verus
871 1652 1068 1694 Israelita
1088 1653 1141 1694 ab
1162 1652 1448 1694 oculatissimo
1462 1653 1670 1708 propheta

75 1726 263 1782 conspici
283 1726 514 1779 videretur,
547 1732 590 1768 et
620 1726 830 1781 propheta
859 1734 1008 1768 contra
1039 1741 1185 1769 omnes
1216 1733 1420 1781 tanquam
1452 1733 1667 1783 apostatas

76 1807 120 1844 et
151 1800 443 1857 sanguinarios
472 1800 775 1856 prophetarum
811 1801 1028 1844 carnifices
1058 1801 1201 1843 Deum
1236 1801 1494 1857 imploraret.
1554 1801 1667 1844 Tum

75 1874 189 1917 enim
211 1875 388 1916 edoctus
416 1874 585 1917 oraculo
610 1874 770 1916 dedicit
791 1875 926 1917 multa
945 1874 1234 1917 Israelitarum
1266 1875 1397 1916 millia
1427 1876 1667 1932 septenario

73 1964 251 1991 numero
281 1948 481 2002 indicata,
513 1964 558 1991 se
588 1948 774 1991 cultibus
803 1949 1013 1991 idolorum
1034 1964 1119 1992 non
1139 1949 1351 2005 polluisse,
1382 1965 1423 1991 v.
1451 1951 1492 1991 4.
1554 1949 1668 1992 Con-

74 2023 210 2066 cludit
244 2022 370 2078 hujus
407 2022 590 2078 exempli
625 2022 902 2065 similitudine
937 2023 1146 2078 reliquias
1172 2038 1226 2065 ex
1259 2022 1399 2080 gratia
1431 2023 1665 2065 secundum

75 2097 325 2140 electionem
359 2097 496 2138 salvas
529 2111 634 2150 esse,
665 2112 706 2139 v.
739 2098 778 2140 5.
837 2096 900 2138 Et
928 2096 1128 2139 instit-uta
1147 2097 1312 2154 gratiae
1342 2112 1440 2140 cum
1468 2097 1664 2153 operibus

75 2171 363 2225 contentione,
395 2171 522 2213 docet
551 2171 733 2228 gratiam
758 2178 802 2213 et
823 2186 951 2227 opera
981 2171 1107 2213 simul
1137 2177 1249 2214 stare
1278 2187 1364 2214 non
1393 2187 1530 2228 posse,
1562 2171 1665 2227 quin

74 2261 204 2303 opera
222 2245 403 2303 gratiam
425 2245 618 2287 funditus
640 2252 849 2298 evertant,
878 2252 921 2288 et
942 2252 1103 2299 contra,
1125 2261 1212 2288 ver.
1237 2248 1275 2289 6.
1333 2245 1404 2288 Ne
1426 2245 1520 2301 quis
1541 2252 1666 2302 putet

73 2318 172 2377 pios
187 2320 222 2363 J
223 2321 455 2363 udaeorum
476 2319 656 2375 majores
687 2319 898 2376 operibus,
930 2335 1015 2362 non
1045 2319 1209 2376 gratiae
1245 2319 1423 2362 salutem
1446 2326 1665 2375 acceptam

8 2401 14 2403 ’
74 2394 283 2448 retulisse,
315 2395 388 2450 qui
416 2395 534 2437 locus
557 2393 919 2450 Semipelagianos
941 2393 1232 2436 Romanenses
1261 2393 1421 2436 refutat
1446 2393 1664 2448 divinitus,

74 2468 175 2512 hinc
195 2467 324 2511 infert
343 2483 421 2524 per
440 2468 761 2526 occupationem
791 2468 948 2510 frustra
967 2467 1183 2510 Israelitas
1213 2468 1428 2524 quaesisse
1451 2468 1665 2524 justitiam

74 2543 119 2585 in
139 2542 247 2600 legis
268 2542 465 2599 operibus
481 2559 493 2594 3
524 2543 689 2586 interea
709 2542 884 2599 exiguas
904 2542 1103 2598 reliquias
1124 2542 1254 2584 etiam
1273 2557 1388 2584 nunc
1409 2557 1462 2585 ex
1477 2542 1667 2597 gratuita

75 2617 284 2660 electione
304 2617 460 2671 vocari,
490 2624 655 2661 ceteros
685 2633 762 2660 sua
790 2617 915 2673 culpa
944 2616 1220 2660 occallescere
1250 2631 1304 2659 ex
1327 2617 1446 2672 justa
1469 2616 1553 2658 Dei
1574 2616 1667 2658 vin-

75 2691 194 2735 dicta
213 2691 532 2734 obtenebrantis
557 2707 703 2735 eorum
722 2698 901 2746 mentes,
933 2697 978 2735 et
1007 2690 1169 2734 animos
1189 2690 1465 2744 obfirmantis,
1496 2689 1665 2732 Davide

117 2799 142 2823 ’¹‘
160 2800 209 2843 [h.
222 2809 251 2833 e.
266 2798 438 2840 Instantia,
451 2809 519 2842 qua
529 2799 666 2832 affertur
680 2801 792 2842 opinio
805 2801 970 2843 quaedam
985 2800 1068 2842 (δοξα
1081 2800 1140 2841 τις)
1157 2800 1200 2832 ad
1215 2799 1480 2841 persuadendum
1493 2802 1580 2840 apta.
1615 2797 1666 2830 cf.

77 2853 219 2886 Arist-ot.
235 2851 334 2885 Rhet.
351 2852 394 2892 ii.,
412 2853 463 2892 25,
480 2851 552 2893 262]
