1887 3188
742 177 842 206 CAP.
864 178 941 206 xv.
967 166 1089 206 1-14.
1616 170 1695 210 507

118 298 231 340 idem
251 297 483 340 sentientes
504 296 548 337 in
566 295 750 349 Christo,
772 296 843 338 alii
865 297 950 339 sint
971 297 1062 340 aliis
1084 298 1138 340 ad
1158 298 1298 341 omnia
1313 299 1485 355 pietatis
1505 300 1698 342 humani-

120 372 305 428 tatisque
321 371 458 414 officia
473 378 517 413 et
537 370 813 413 incitamento
830 377 873 413 et
889 372 1147 427 adjumento,
1169 373 1297 428 idque
1319 373 1479 417 Christi
1493 376 1697 431 exemplo,

121 463 208 491 ver.
232 449 270 501 6,
294 450 332 500 7,
354 449 393 499 8,
416 446 490 502 qui
519 460 605 488 non
635 452 700 488 est
720 445 974 503 dedignatus
1003 447 1161 489 honore
1193 448 1396 502 Judaeos,
1426 450 1617 504 quamvis
1638 450 1702 492 in-

121 522 295 580 digniss.
326 521 519 564 minister
553 520 644 577 ipse
676 521 813 564 factus
846 522 901 563 ad
935 523 1231 578 praestandam
1266 523 1489 566 veritatem
1522 525 1701 569 foederis

120 597 236 654 pacti
265 612 362 640 cum
382 596 637 652 majoribus3
669 603 744 639 aut
779 596 1064 640 misericordia
1097 597 1261 641 Gentes
1294 605 1445 641 natura
1476 615 1501 642 a
1535 600 1704 644 foedere

121 673 291 726 alienas,
323 687 502 728 quarum
535 672 800 715 vocationem
833 679 1016 728 quatuor
1048 673 1200 729 probat
1232 689 1285 716 ex
1317 675 1453 717 veteri
1485 674 1707 732 Scriptura

124 747 391 791 testimoniis.
451 747 599 803 Atque
629 747 733 790 haec
768 747 876 802 ideo,
908 763 962 790 ne
995 747 1154 791 Judaei
1184 748 1349 792 Gentes
1379 756 1583 806 tanquam
1611 767 1709 808 pro-

126 823 256 876 fanas,
278 830 353 865 aut
384 822 548 866 Gentes
578 822 769 865 Judaeos
798 829 1001 879 tanquam
1030 823 1227 881 indignos
1248 825 1440 880 rejiciant
1462 833 1536 868 aut
1568 842 1708 883 asper-

124 905 292 952 nentur,
315 900 354 951 9,
378 899 444 951 10,
468 899 535 951 11,
559 898 626 939 12.
684 896 896 954 Denique,
918 914 1004 941 ver.
1038 900 1105 953 13,
1136 899 1333 956 obsignat
1361 900 1556 956 precibus
1586 917 1709 958 supe-

126 974 279 1016 riorem
311 989 479 1016 omnem
508 965 754 1029 παξάινεσιν,
787 973 940 1029 quibus
975 975 1196 1017 contendit
1227 991 1252 1017 a
1283 975 1391 1029 Deo,
1421 983 1471 1018 ut
1503 976 1593 1032 ipse
1623 977 1710 1019 Ro-

128 1064 275 1092 manos
305 1048 461 1106 gaudio
492 1055 535 1091 et
564 1064 668 1105 pace
689 1048 901 1091 cumulate
932 1050 1155 1106 adaugeat,
1177 1050 1368 1093 adauctis
1399 1066 1543 1094 earum
1573 1052 1709 1095 causis

129 1123 238 1167 Fide
259 1130 303 1167 et
325 1123 423 1180 Spe,
444 1123 572 1179 idque
602 1131 749 1167 autore
781 1123 944 1180 Spiritu
967 1124 1138 1168 Sancto.
1197 1125 1258 1168 Et
1289 1126 1347 1169 sic
1378 1127 1593 1170 concludit
1624 1143 1712 1170 om-

129 1214 228 1242 nem
261 1199 560 1242 tractationem
593 1199 708 1241 illam
743 1199 1000 1255 superiorem
1035 1207 1123 1243 tam
1163 1201 1392 1254 doctrinae,
1429 1217 1556 1257 quam
1586 1203 1711 1246 disci-

130 1274 284 1332 plinae.
342 1274 410 1317 Ac
431 1274 585 1317 deinde
613 1274 768 1317 transit
799 1275 853 1317 ad
880 1274 1072 1317 ultimam
1104 1283 1268 1332 partem
1300 1277 1424 1332 hujus
1459 1277 1710 1334 Epistolam,

131 1349 375 1406 Epilogum,
406 1349 494 1391 sive
514 1349 836 1405 perorationem,
857 1349 901 1391 in
922 1365 1006 1406 qua
1026 1357 1069 1393 et
1091 1366 1207 1394 amor
1226 1351 1351 1393 Pauli
1381 1368 1481 1408 erga
1501 1353 1716 1397 Romanos

132 1424 247 1468 omni
277 1440 330 1467 ex
349 1431 470 1480 parte
491 1439 535 1467 se
566 1423 746 1467 effundit
767 1424 1064 1479 abundantius,
1093 1433 1137 1468 et
1166 1425 1414 1482 Apostolica
1435 1428 1639 1471 autoritas
1670 1445 1715 1473 se

130 1499 546 1557 magnificentissime
576 1499 710 1542 effert.
769 1499 883 1542 Nam
916 1507 966 1542 ut
997 1501 1258 1557 prooemium
1291 1509 1381 1544 erat
1411 1496 1640 1561 ἠθικώτερον
1669 1505 1715 1547 in

134 1574 367 1617 tractandis
387 1573 622 1628 affectibus,
647 1574 708 1617 ita
732 1566 929 1628 ἑπῖλογός
949 1568 1035 1615 ἐστι
1056 1569 1392 1634 παθητικώτερος,
1426 1585 1469 1620 et
1499 1579 1716 1634 aliquanto

135 1649 440 1693 vehementior.
498 1648 553 1691 In
581 1650 795 1706 prooemio
822 1650 1118 1705 insinuatione,
1144 1652 1265 1708 quasi
1294 1652 1399 1695 actis
1429 1653 1647 1708 cuniculis,
1674 1660 1718 1697 et

136 1723 399 1768 clandestina
419 1731 510 1768 arte
540 1731 606 1768 est
634 1741 762 1768 usus:
793 1725 838 1767 in
869 1719 1051 1782 ἐπιλογῳ
1081 1726 1220 1783 palam
1252 1742 1297 1770 se
1320 1727 1506 1783 produnt
1526 1728 1717 1782 affectus,

136 1798 258 1855 quasi
277 1806 423 1856 aperto
443 1799 586 1842 Marte
607 1806 778 1857 ageret3
800 1816 948 1843 verum
967 1801 1192 1858 utrobique
1213 1809 1359 1845 sancto
1384 1809 1428 1846 et
1448 1803 1591 1847 divino
1618 1803 1718 1846 arti-

136 1873 232 1917 ficio
253 1880 398 1917 sancte
418 1881 462 1917 et
482 1874 686 1917 divinitus
707 1875 856 1918 utitur.
915 1875 1001 1919 Pro
1031 1877 1318 1920 Romanorum
1347 1878 1459 1922 bono
1488 1878 1644 1922 affectu
1673 1894 1719 1922 se

140 1949 300 2006 duplex
313 1949 382 1992 hic
399 1949 547 2005 exerit,
568 1949 676 1994 alter
690 1950 812 1994 alteri
828 1951 1059 2007 oppositus,
1076 1952 1232 2009 quippe
1248 1953 1401 1996 amoris
1416 1969 1538 2008 unus,
1554 1961 1598 1997 et
1613 1954 1721 1997 alter

141 2024 251 2068 odii:
272 2023 341 2068 hic
361 2024 407 2066 in
422 2024 696 2079 adversarios,
712 2025 783 2069 ille
800 2026 1024 2069 adversum
1037 2027 1251 2071 Romanos
1268 2034 1312 2071 et
1328 2029 1616 2072 Romanorum
1631 2036 1722 2072 stu-

142 2099 282 2142 diosos
299 2115 309 2141 ε
331 2099 408 2142 hos
429 2100 644 2154 amandos,
664 2100 757 2143 illos
778 2101 1050 2145 declinandos
1074 2110 1233 2146 monet.
1291 2103 1496 2147 Amorem
1516 2120 1617 2162 erga
1635 2105 1723 2148 Ro-

143 2189 290 2218 manos
323 2190 448 2217 suum
477 2175 633 2232 partim
665 2176 950 2231 excusatione,
980 2177 1136 2233 partim
1160 2178 1414 2223 salutatione
1441 2181 1723 2224 commendat.

143 2249 377 2293 Excusatio
390 2249 560 2306 duplex,
577 2250 710 2293 altera
729 2251 969 2307 scriptionis
983 2252 1202 2307 liberioris,
1217 2253 1350 2297 altera
1365 2253 1485 2297 dilati
1500 2255 1723 2298 adventus.

146 2323 356 2368 Salutatio
376 2324 481 2368 item
502 2325 673 2382 dupleX,
694 2325 828 2368 altera
843 2326 963 2383 quasi
982 2327 1217 2385 religiosior
1235 2344 1311 2385 per
1324 2329 1507 2372 faustam
1522 2330 1725 2387 imprecae

145 2399 319 2454 tionem,
335 2400 468 2443 altera
483 2399 604 2457 quasi
618 2400 852 2455 humanior,
867 2401 942 2444 sed
957 2401 1149 2459 religioni
1162 2404 1341 2459 perfusa,
1355 2410 1448 2447 tum
1463 2420 1489 2446 a
1500 2420 1546 2448 se
1565 2412 1658 2448 tum
1670 2405 1725 2449 ab

148 2474 253 2518 aliis.
312 2474 553 2518 Redeamus
585 2475 640 2518 ad
672 2475 999 2531 excusationem,
1032 2483 1077 2520 et
1107 2477 1290 2533 primum
1317 2478 1568 2536 scriptionis,
1599 2495 1727 2537 quam

148 2548 272 2592 affert
292 2548 554 2593 diversorum
577 2556 841 2608 argumento,
863 2557 908 2594 et
936 2551 1093 2609 figurat
1111 2552 1295 2609 prolepsi
1321 2553 1410 2597 sive
1431 2555 1726 2612 occupatione:

117 2625 122 2629 '
153 2623 360 2678 Quamvis
394 2623 618 2668 abundetis
653 2625 847 2668 omnibus
886 2625 1007 2670 bonis
1047 2627 1346 2684 spiritualibus,
1378 2635 1522 2672 tamen
1560 2630 1615 2672 ad
1653 2645 1729 2673 vos

152 2698 300 2755 scripsi
319 2698 503 2742 liberius.
561 2699 789 2745 Rationem
807 2701 1017 2746 libertatis
1035 2703 1178 2746 reddit
1189 2702 1427 2761 Apostolici
1442 2704 1523 2747 sibi
1541 2705 1729 2762 impositi

151 2773 338 2816 muneris
356 2773 667 2829 necessitatem,
687 2776 808 2832 cujus
828 2776 1056 2821 efficaciam
1084 2778 1301 2835 praedicat
1333 2779 1386 2822 ab
1418 2779 1580 2823 effectis
1610 2795 1731 2838 mag-

153 2847 482 2892 nificentissime.
542 2848 866 2896 Commendatio
881 2851 1170 2896 Romanorum
1192 2853 1325 2897 tribus
1344 2853 1535 2911 partibus
1548 2862 1730 2911 constat,
