1887 3188
732 181 834 210 CAP.
857 182 920 210 xi.
948 171 1060 211 7-25.
1607 170 1689 210 487

92 314 265 342 succum
297 307 341 342 et
371 299 675 357 pinguedinem
696 301 855 350 trahit3
887 307 1017 355 atque
1048 301 1102 343 ob
1132 301 1246 343 hunc
1276 300 1494 342 meliorem
1526 306 1686 342 statum

95 373 262 416 Gentes
285 373 467 417 Judaeis
487 380 662 430 propter
681 373 989 427 Abrahamum,
1021 375 1090 417 cui
1121 374 1242 430 quasi
1263 374 1416 417 insitae
1438 381 1551 428 sunt,
1584 374 1690 417 obli-

91 454 262 504 gantur.
321 449 367 490 N
369 464 392 490 e
413 463 514 505 ergo
537 447 703 492 Gentes
730 449 939 491 insultent
958 448 1154 502 Judaeis,
1186 449 1260 504 qui
1281 455 1382 490 sunt
1411 449 1517 490 rami
1537 448 1687 501 nativi,

93 537 190 565 cum
210 521 306 565 illae
337 522 424 565 sint
453 523 638 577 oleastri,
669 539 748 566 nec
769 530 965 566 sanctum
989 538 1126 579 genus
1157 529 1414 575 sustentent,
1447 523 1522 564 sed
1553 523 1606 564 ab
1638 537 1688 565 eo

93 602 402 650 sustententur,
424 613 466 640 v.
489 600 556 652 17,
580 600 648 642 18.
710 597 921 642 Occurrat
944 597 1283 641 Gentilisz—Illi
1304 603 1404 639 sunt
1425 597 1549 639 recisi
1570 612 1689 639 meae

93 670 305 714 insitionis
325 672 476 728 gratia,
498 679 548 715 ut
568 672 673 714 mihi
696 673 794 728 jure
819 673 946 715 liceat
966 672 1060 714 illos
1081 672 1312 728 despicere.
1373 671 1504 727 Resp.
1527 671 1691 713 confes-

94 745 226 799 sione,
249 753 292 788 et
313 747 602 802 assumptione
616 762 741 790 verae
762 763 926 800 causae,
948 747 1106 803 quippe
1122 746 1387 788 infidelitatis
1407 745 1441 788 J
1443 746 1689 799 udaeorum,

95 826 140 862 et
160 820 323 876 gratiae
339 821 423 863 Dei
441 836 542 878 erga
559 821 724 865 Gentes
742 838 752 871 3
784 822 899 876 quod
915 822 995 864 hae
1011 821 1176 875 insitae,
1193 821 1255 862 issi
1271 820 1426 864 excisi:
1457 836 1543 862 non
1559 820 1693 877 igitur

98 894 310 951 dignitate
331 911 408 938 sua
427 903 752 951 promeruerunt
775 895 954 949 Gentes,
984 903 1035 938 ut
1059 896 1104 937 in
1124 895 1157 938 J
1161 896 1393 938 udaeorum
1412 895 1553 938 locum
1574 894 1695 936 veni-

97 975 208 1022 rent,
239 985 288 1012 ac
309 970 486 1025 proinde
510 970 616 1012 nihil
637 970 718 1013 sibi
737 971 818 1013 hoc
839 970 1010 1013 nomine
1031 971 1191 1013 debent
1212 970 1412 1023 tribuere,
1444 985 1524 1012 nec
1545 976 1694 1011 contra

98 1043 133 1086 J
137 1044 292 1086 udaeos
321 1044 555 1088 insolenter
574 1045 770 1102 gloriari3
801 1046 877 1088 sed
907 1060 1005 1088 cum
1025 1045 1190 1098 timore,
1224 1052 1268 1087 et
1298 1060 1396 1087 cum
1416 1051 1613 1097 tremore,
1644 1050 1695 1085 ut

99 1118 161 1160 ait
195 1118 297 1161 alibi
330 1118 579 1175 Apostolus,
620 1136 741 1162 suam
779 1120 961 1162 salutem
1000 1119 1220 1162 conficere.
1281 1119 1511 1161 Rationem
1551 1118 1697 1160 subdit

100 1192 228 1248 hujus
248 1194 512 1236 reverentiae
535 1201 578 1237 et
594 1202 734 1237 metus
755 1210 780 1236 a
794 1194 965 1249 justitia
980 1194 1066 1237 Dei
1087 1209 1234 1236 severa
1253 1193 1298 1234 in
1313 1193 1520 1245 Judaeos,
1543 1191 1698 1247 quibus

103 1282 190 1310 non
220 1268 423 1324 pepercit,
445 1269 546 1311 lIcet
576 1270 703 1312 ramis
724 1269 1002 1322 naturalibus,
1029 1275 1191 1324 quanto
1221 1268 1361 1309 minus
1392 1267 1472 1309 tibi
1503 1266 1698 1319 oleastro,

104 1357 129 1384 a
149 1341 362 1385 minorum
382 1343 620 1386 collatione.
680 1343 772 1385 Ubi
791 1351 894 1385 nota
913 1343 959 1384 in
978 1343 1045 1385 his
1070 1342 1266 1385 omnibus
1288 1336 1321 1381 εἰ
1340 1341 1593 1398 particulam
1613 1355 1701 1383 non

106 1416 278 1459 dubiam
307 1417 609 1470 conditionem,
641 1418 716 1460 sed
747 1425 889 1460 certae
920 1417 1114 1460 veritatis
1145 1416 1500 1474 significationem
1530 1415 1700 1469 habere,

104 1505 192 1534 ver.
216 1493 282 1545 19,
305 1493 374 1544 20,
396 1493 465 1533 21.
506 1492 616 1534 Inde
641 1492 842 1548 proponit
863 1483 1059 1531 ἀντίθεσιν
1093 1491 1372 1547 benignitatis
1394 1497 1437 1532 et
1459 1488 1701 1532 severitatis

105 1566 276 1609 divinae
297 1581 476 1621 quarum
496 1566 576 1608 hac
597 1573 747 1609 contra
765 1566 798 1609 J
801 1567 972 1619 udaeos,
993 1567 1066 1608 illa
1086 1567 1289 1608 adversus
1312 1565 1479 1608 Gentes
1501 1570 1567 1606 est
1586 1579 1702 1616 usus,

107 1648 152 1683 et
171 1646 316 1696 potest
335 1640 429 1682 vice
448 1655 571 1682 versa
590 1640 635 1682 in
658 1639 824 1683 Gentes
845 1640 1087 1694 severitate,
1110 1647 1154 1682 et
1175 1655 1278 1696 erga
1296 1639 1330 1682 J
1332 1640 1489 1681 udaeos
1511 1637 1705 1694 benigni-

107 1721 199 1757 tate
214 1714 294 1767 uti,
315 1714 351 1756 si
370 1714 441 1757 vel
460 1713 493 1756 J
494 1714 622 1757 udaei
641 1715 910 1770 resipuerint,
937 1715 1007 1757 vel
1027 1714 1300 1757 ferociverint
1332 1713 1511 1756 Gentes.
1571 1712 1705 1755 Posse

109 1796 254 1832 autem
283 1788 328 1830 id
358 1788 502 1831 Deum
522 1789 731 1831 minorum
759 1789 912 1844 probat
941 1789 1270 1845 comparatione,
1300 1794 1471 1830 retenta
1500 1786 1708 1843 superiori

109 1863 389 1906 similitudine
409 1879 636 1917 ramorum,
667 1870 711 1906 et
737 1864 916 1914 radicis3
950 1863 1003 1907 Si,
1017 1864 1062 1906 in
1081 1864 1222 1907 locum
1251 1863 1359 1905 rami
1387 1863 1560 1905 nativae
1590 1861 1708 1904 oleae

113 1938 245 1981 excisi
260 1937 417 1980 insevit
433 1937 675 1992 oleastrum,
696 1945 858 1994 quanto
878 1938 1043 1982 facilius
1062 1945 1208 1994 potest
1221 1937 1394 1980 nativae
1410 1937 1528 1980 oleae
1543 1951 1710 1979 ramum

114 2027 215 2056 suae
235 2011 367 2054 radici
387 2012 607 2066 infindere,
628 2012 710 2066 i.e.,
740 2012 920 2066 Gentes,
942 2012 979 2055 si
997 2012 1190 2055 infideles
1221 2011 1447 2066 evaserint,
1479 2026 1534 2054 ex
1563 2017 1712 2053 sancta

114 2086 310 2130 Ecclesia
330 2086 483 2141 ejicere
500 2103 510 2129 :
531 2086 566 2130 J
566 2087 738 2141 udaeos,
756 2087 792 2130 si
807 2087 862 2129 ad
876 2087 1006 2130 fidem
1026 2087 1187 2130 reversi
1205 2086 1378 2140 fuerint,
1399 2086 1445 2128 in
1466 2092 1711 2128 sanctorum

115 2161 456 2206 communionem
485 2161 687 2217 recipere,
717 2168 768 2204 ut
797 2177 896 2205 cum
925 2161 1186 2215 Abrahamo,
1217 2161 1366 2204 Isaaco
1387 2167 1432 2203 et
1451 2160 1486 2203 J
1487 2160 1619 2203 acobo
1642 2159 1712 2215 (ut

115 2236 306 2292 loquitur
317 2236 458 2292 Deus)
477 2236 744 2290 accumbant,
760 2251 848 2280 ver.
865 2238 934 2290 22,
952 2238 1022 2286 23,
1040 2238 1110 2278 24.
1157 2235 1288 2288 Quod
1303 2234 1414 2277 dixit
1429 2234 1574 2276 Deum
1588 2248 1714 2290 posse

116 2311 268 2364 facere,
289 2326 377 2354 ver.
399 2313 469 2364 25,
499 2310 682 2353 affirmat
710 2310 836 2366 plane
865 2310 1093 2364 facturum,
1123 2310 1266 2365 quoad
1294 2309 1328 2352 J
1329 2309 1501 2362 udaeos,
1532 2322 1714 2364 quorum

120 2385 377 2428 excisionem
406 2392 577 2428 tantum
598 2400 652 2428 ex
671 2391 794 2441 parte
814 2400 919 2438 esse,
942 2392 986 2428 et
1007 2385 1062 2427 ad
1081 2390 1251 2440 tempus
1281 2384 1371 2426 fore
1401 2383 1552 2432 docet3
1584 2389 1715 2438 atque

119 2460 201 2502 hoc
220 2458 472 2514 mysterium
492 2466 631 2514 vocat,
653 2460 770 2515 quod
789 2459 1058 2503 continendis
1077 2459 1123 2501 in
1143 2458 1282 2502 officio
1302 2464 1347 2500 et
1366 2456 1577 2500 modestia
1598 2455 1717 2500 Gen-

118 2533 236 2577 tibus
255 2533 430 2587 revelat,
454 2534 762 2590 confirmatque
791 2533 938 2577 divino
966 2533 1122 2576 Esaiae
1150 2532 1397 2576 testimonio
1432 2531 1606 2588 duplici,
1626 2546 1716 2573 ver.

97 2611 194 2662 ·26,
226 2609 295 2660 27,
325 2607 372 2649 in
399 2623 534 2650 unum
562 2615 797 2653 contracto.
881 2608 1118 2665 Apostolus
1147 2613 1289 2650 totum
1318 2605 1523 2650 Israelem
1553 2605 1718 2647 salvum

123 2681 212 2724 fore
233 2681 363 2735 docit,
383 2696 471 2724 non
493 2683 609 2737 quod
629 2682 787 2740 singuli
815 2682 903 2726 sint
931 2682 1142 2737 servandi,
1162 2689 1214 2725 ut
1233 2697 1373 2738 neque
1402 2695 1480 2737 per
1508 2672 1717 2735 πλῆξωωῦύ

127 2751 204 2794 τῶν
228 2747 337 2794 ἒθνῶν
358 2769 503 2797 omnes
525 2761 569 2798 et
589 2755 777 2812 singulos
798 2772 852 2800 ex
874 2755 1090 2800 Gentibus
1109 2755 1328 2812 intelligit.
1389 2753 1572 2798 Causam
1597 2751 1722 2794 resti-

128 2829 308 2873 tutionis
329 2828 363 2872 J
365 2829 596 2872 udaeorum
615 2829 774 2886 repetit
794 2846 820 2873 a
839 2831 1011 2874 decreto
1033 2829 1251 2874 electionis
1281 2827 1484 2886 gratuito,
1507 2832 1551 2870 et
1571 2825 1657 2868 Dei
1676 2824 1723 2867 in
