1887 3188
682 227 783 257 CAP.
806 228 870 256 vi.
896 217 1009 258 6-12.
1624 213 1707 254 457

116 343 327 394 stimulos,
360 342 513 397 quibus
535 355 611 382 nos
633 341 687 381 ad
709 340 1056 382 sanctificationis
1078 340 1268 382 studium
1291 340 1464 393 excitet,
1496 356 1538 382 v.
1570 341 1636 392 12,
1667 345 1711 380 et

118 417 318 471 deinceps
340 415 500 471 duplici
520 429 622 456 usus
644 414 935 467 similitudine,
953 414 1087 456 altera
1103 414 1322 456 servitutis
1344 421 1387 456 et
1402 414 1613 456 libertatis
1630 414 1710 456 hoo

116 506 221 546 cap„
244 490 377 531 altera
397 488 585 544 conjugii
605 489 763 531 veteris
785 496 829 531 et
849 488 950 531 novi
966 489 1089 530 initio
1103 504 1195 544 cap.
1210 488 1282 530 vii.
1342 488 1576 530 Peccatum
1597 504 1712 530 com-

113 571 237 620 parat
258 563 483 605 durissimo
505 563 690 617 domino,
714 570 758 606 et
778 563 1023 619 importuno
1039 570 1236 619 tyranno,
1259 563 1380 617 cujus
1401 563 1646 618 turpissima
1668 569 1712 604 et

117 638 302 682 exitialis
316 638 517 681 servitus:
540 637 574 680 J
576 638 767 680 ustitiam
787 654 888 680 vero
909 638 1238 681 clementissimo
1255 644 1299 680 et
1318 637 1624 694 benignissimo
1639 637 1713 679 do-

117 713 247 767 mino,
270 713 390 768 cujus
412 712 596 755 servitus
627 729 713 755 non
734 720 823 755 tam
845 713 1080 766 servitium,
1103 728 1230 768 quam
1252 712 1426 755 libertas
1447 712 1712 768 appellanda,

118 795 269 844 estque
285 795 378 830 tum
399 788 722 831 honestissimus
739 796 830 830 tum
848 788 1032 830 maxime
1049 788 1259 830 salutaris.
1309 787 1402 830 Nos
1419 794 1561 830 autem
1579 786 1715 829 homi-

114 878 190 906 nes
211 878 288 919 pro
305 862 464 919 duplici
481 870 597 905 statu
613 863 813 919 proponit
835 862 1177 916 considerandos,
1199 862 1364 904 ratione
1385 862 1551 918 peccati
1569 869 1611 904 et
1622 862 1714 917 jus-

115 938 263 987 titiae3
284 944 438 979 natura
458 937 746 993 turpissimam
763 938 927 994 peccati
950 937 1202 979 servitutem
1219 943 1370 993 sponte
1393 944 1436 979 et
1457 936 1653 979 alacriter
1668 936 1713 977 in

116 1020 305 1055 nostram
324 1012 556 1068 perniciem
573 1012 837 1066 servivimus,
854 1012 993 1068 gratia
1009 1028 1122 1054 nunc
1138 1012 1385 1054 manumissi
1406 1027 1432 1053 a
1446 1018 1623 1068 peccato
1640 1012 1714 1053 do-

116 1087 279 1129 minum
295 1087 568 1140 mutavimus,
590 1094 639 1129 ut
654 1103 741 1129 non
760 1094 937 1144 peccato
958 1087 1139 1142 amplius
1161 1087 1235 1129 sed
1250 1086 1446 1141 justitiae
1467 1086 1713 1128 serviamus.

116 1161 207 1205 Sub
223 1169 398 1218 peccato
413 1168 456 1204 et
473 1162 551 1204 sub
567 1162 662 1218 lege
680 1178 771 1204 esse
788 1177 864 1218 pro
881 1162 1030 1204 eodem
1052 1161 1220 1217 accipit,
1243 1162 1358 1216 quod
1378 1161 1448 1203 lex
1469 1167 1713 1217 corruptam

115 1244 312 1279 naturam
325 1237 380 1278 ad
392 1237 656 1293 peccandum
670 1237 894 1279 extimulet
908 1253 918 1286 3
942 1243 1090 1279 contra
1106 1237 1184 1278 sub
1200 1236 1340 1292 gratia
1353 1243 1396 1278 et
1408 1236 1512 1278 item
1530 1235 1608 1278 sub
1623 1236 1715 1291 jus-

119 1311 217 1354 titia
236 1327 313 1368 pro
335 1312 484 1355 eodem
505 1312 673 1368 accipit,
697 1313 810 1367 quod
828 1312 912 1353 Dei
933 1311 1073 1367 gratia
1093 1311 1137 1352 in
1155 1311 1329 1354 Christo
1350 1326 1427 1353 nos
1448 1311 1502 1352 ad
1517 1310 1713 1365 justitiae

118 1387 309 1430 studium
339 1402 570 1442 propensos
591 1387 746 1428 reddit.
806 1386 955 1441 Atque
985 1386 1066 1428 hoc
1087 1385 1348 1442 regeneratis
1369 1385 1584 1438 convenit,
1606 1385 1713 1427 illud

116 1477 203 1504 non
232 1461 451 1518 regenitis.
511 1461 714 1517 Expellat
746 1476 847 1517 ergo
878 1467 1102 1516 peccatum
1126 1459 1310 1515 justitia,
1333 1460 1584 1516 praesertim
1614 1476 1712 1503 cum

116 1551 206 1591 nos,
229 1525 302 1592 qui
323 1543 476 1578 natura
497 1543 754 1592 peccatores,
773 1544 817 1578 et
837 1535 960 1578 liberi
981 1551 1005 1577 a
1020 1535 1192 1590 justitia
1213 1551 1370 1587 sumus,
1387 1550 1501 1577 nunc
1522 1550 1598 1590 per
1617 1551 1714 1591 gra-

115 1612 222 1655 tiam
237 1612 360 1654 liberi
381 1627 405 1653 a
420 1618 598 1668 peccato
620 1618 664 1653 et
686 1611 797 1654 servi
812 1611 1008 1666 justitiae
1026 1611 1170 1653 simus.
1232 1602 1312 1656 Μὴ
1331 1601 1398 1649 οὖν
1416 1601 1710 1667 βασιλευέτω]

114 1687 187 1729 Ne
207 1687 341 1743 igitur
356 1693 508 1743 regnet
528 1693 765 1742 peccatum,
783 1693 865 1729 etc.
925 1685 1153 1741 Acquisita
1169 1685 1341 1740 quidem
1362 1684 1484 1727 nobis
1502 1691 1567 1726 est
1586 1685 1713 1727 liber-

116 1769 197 1815 tas,
220 1768 264 1804 et
293 1761 338 1802 in
370 1761 460 1816 ejus
480 1761 789 1816 possessionem
818 1760 937 1803 missi
967 1776 1124 1814 sumus,
1147 1760 1224 1802 sed
1252 1760 1441 1802 nondum
1464 1775 1556 1801 eam
1586 1759 1712 1815 plene

117 1835 412 1893 possidemus:
444 1836 540 1878 ideo
571 1835 780 1892 regnandi
809 1835 940 1878 verbo
970 1835 1120 1888 utitur,
1147 1850 1231 1890 quo
1263 1834 1528 1891 significatur
1556 1834 1713 1890 impor-

118 1919 226 1954 tuna
245 1917 289 1954 et
309 1910 498 1953 violenta
518 1911 684 1966 peccati
705 1910 912 1966 tyrannis,
935 1926 1019 1966 qua
1039 1926 1116 1952 nos
1143 1909 1255 1966 rapit
1283 1910 1337 1951 ad
1359 1925 1484 1952 omne
1506 1910 1713 1952 scelerum

118 2001 256 2043 genus
271 1985 541 2041 patrandum.
592 1985 779 2028 Mortale
795 2000 947 2041 corpus
968 1991 1094 2028 vocat
1110 1985 1248 2041 ipsum
1266 2000 1432 2041 corpus,
1449 1985 1565 2040 quod
1585 1985 1714 2027 morti

119 2060 353 2104 obnoxium
375 2067 454 2114 est,
471 2060 593 2115 cujus
613 2060 870 2117 cupiditates
887 2067 1013 2103 vocat
1033 2059 1329 2102 inclinationes
1349 2060 1565 2102 naturales
1582 2076 1636 2102 ex
1651 2059 1715 2102 in-

119 2135 322 2178 firmitate
344 2141 388 2178 et
408 2134 679 2191 corruptione
700 2135 755 2177 ad
774 2135 1063 2191 peccandum:
1094 2134 1176 2177 nisi
1206 2134 1341 2177 mavis
1362 2150 1515 2191 corpus
1535 2135 1715 2178 mortale

121 2210 219 2264 dici,
237 2210 353 2265 quod
373 2216 500 2252 antea
519 2216 709 2252 veterem
728 2209 944 2252 hominem
960 2225 1056 2252 cum
1075 2208 1249 2253 Christo
1265 2209 1514 2252 crucifixum
1530 2210 1715 2264 vocavit,

120 2285 242 2340 cujus
272 2284 546 2340 intemperies
576 2300 654 2326 nos
684 2284 740 2326 ad
768 2284 1033 2340 peccandum
1063 2284 1278 2327 sollicitat.
1337 2284 1536 2327 Membra
1569 2291 1717 2327 nostra

123 2365 263 2413 vocat,
283 2359 354 2402 vel
369 2365 512 2416 partes
532 2359 719 2415 corporis
740 2365 785 2401 et
805 2358 929 2412 vires,
950 2358 1021 2401 vel
1041 2358 1171 2401 etiam
1189 2358 1415 2401 facultates
1437 2367 1480 2401 et
1500 2358 1716 2415 potentias

125 2433 269 2487 animi,
285 2447 394 2490 quae
415 2433 601 2490 appellat
622 2448 751 2487 arma,
772 2433 801 2475 i.
823 2448 860 2476 e.
880 2432 1166 2476 instrumenta
1184 2432 1294 2476 bene
1314 2433 1384 2475 vel
1403 2433 1514 2476 male
1534 2433 1715 2490 agendi3

126 2513 298 2564 sumpta.
326 2507 603 2551 similitudine
624 2523 650 2550 a
669 2506 870 2550 satellitio
891 2513 1067 2561 armato,
1088 2506 1286 2550 hortatur
1305 2522 1407 2564 ergo
1427 2513 1477 2550 ut
1497 2507 1609 2550 vires
1629 2523 1718 2550 om-

126 2597 204 2626 nes
224 2587 269 2624 et
297 2580 523 2625 facultates
551 2589 641 2625 tam
670 2581 800 2625 animi
821 2597 950 2638 quam
979 2581 1179 2638 corporis,
1201 2581 1356 2638 quibus
1384 2589 1562 2639 peccato
1591 2589 1719 2624 antea

114 2657 222 2714 plus
242 2670 370 2712 quam
389 2655 582 2700 volentes
603 2656 867 2710 servivimus,
888 2656 1161 2699 intendamus
1191 2656 1246 2698 ad
1266 2655 1456 2700 actiones
1484 2665 1651 2700 sanctas
1673 2664 1718 2699 et

127 2732 342 2784 honestas,
364 2729 518 2786 quibus
538 2731 722 2775 servitur
743 2731 941 2788 justitiae
971 2737 1016 2774 et
1034 2731 1157 2782 De03
1177 2746 1265 2774 uno
1284 2731 1428 2785 verbo,
1459 2731 1592 2773 nolite
1621 2745 1721 2786 pec-

129 2813 226 2849 cato
247 2805 324 2848 sed
346 2803 542 2860 justitiae
571 2805 743 2850 servire.
802 2805 947 2860 Ratio,
971 2812 1196 2863 peccatum
1215 2805 1338 2849 vobis
1367 2821 1453 2848 non
1483 2804 1720 2847 dominabi-

129 2887 213 2934 tur,
235 2880 262 2922 i.
281 2895 317 2923 e.
347 2879 449 2923 licet
471 2895 523 2922 ex
542 2886 664 2936 parte
685 2895 760 2924 vos
787 2886 933 2924 teneat
954 2880 1159 2937 captivos,
1182 2880 1272 2936 ejus
1303 2886 1446 2922 tamen
1471 2879 1624 2936 jugum
1647 2894 1720 2926 ex-
