1887 3188
143 228 222 269 512
751 237 1126 280 COMMENTARIUS,

146 367 255 405 nam,
278 350 539 406 Tryphosan,
562 349 748 403 Persida,
772 358 864 402 etc„
897 351 1046 406 quibus
1077 351 1226 393 tribuit
1256 351 1433 392 multum
1464 350 1647 393 laborem
1668 348 1711 391 in

144 426 341 479 Domino,
375 425 563 481 intellige
594 426 646 467 de
676 426 905 468 ministerio
937 433 979 468 et
1009 426 1295 482 hospitalitate
1326 441 1425 482 erga
1455 432 1633 478 sanctos,
1663 430 1713 467 ut

146 502 308 544 dictum
329 508 393 543 est
415 502 466 543 de
487 500 670 554 Phaebe,
696 517 783 543 ver.
807 503 843 542 1.
904 501 1093 543 Herman
1123 507 1311 542 autorem
1341 501 1435 542 libri
1466 499 1713 556 Apocryphi

146 576 334 619 Pastoris
348 576 515 618 nomine
532 576 705 617 tradunt
721 583 897 628 veteres,
913 591 1036 630 quem
1050 575 1202 616 librum
1215 575 1320 630 lege,
1337 576 1410 617 sed
1425 591 1520 617 cum
1531 573 1711 630 judici03

148 659 212 694 est
229 651 340 694 enim
357 658 574 707 suspectae
590 650 700 692 fidei.
724 642 963 702 Φλέγοντα,
981 649 1154 691 fortasse
1168 649 1286 703 cujus
1300 650 1490 691 meminit
1503 649 1712 692 Eusebius

146 726 259 769 inter
275 726 575 781 Chronologos.
621 725 721 766 Ver.
747 727 812 777 16,
837 726 1039 767 Sanctum
1061 724 1247 766 osculum
1268 730 1392 766 vocat
1408 724 1557 766 amoris
1579 724 1712 766 sancti

147 802 342 855 indicem,
374 801 445 856 qui
479 816 530 842 ex
563 799 700 841 animo
741 806 908 841 sanctae
939 798 1155 841 charitatis
1185 799 1308 854 pleno
1341 799 1629 855 proficiscitur,
1661 814 1713 841 ex

147 892 261 918 more
278 876 441 917 illorum
458 882 692 930 temporum
710 881 752 915 et
768 873 997 930 regionum,
1015 881 1063 915 ut
1079 880 1290 915 testantur
1306 882 1391 915 tam
1406 881 1572 916 sanctae
1589 889 1714 929 quam

146 951 343 1007 profanae
373 950 532 992 literae.
593 948 789 992 Salutant
819 964 893 990 vos
924 948 1121 991 ecclesiae
1154 947 1337 991 Christi:
1373 948 1587 991 Videntur
1610 948 1713 991 haec

146 1027 275 1069 verba
296 1027 347 1068 21
372 1040 535 1068 versum
559 1024 753 1066 inchoare
774 1023 938 1074 debere,
969 1031 1018 1065 ut
1047 1023 1175 1065 habet
1197 1022 1546 1066 Claromontanus
1566 1024 1712 1077 codex,

145 1109 190 1144 et
210 1108 258 1143 ut
280 1100 491 1155 subjectae
522 1099 696 1141 aliorum
724 1099 994 1140 salutationes
1024 1098 1219 1141 innuunt.
1278 1098 1435 1140 Mirum
1467 1098 1623 1140 nullam
1643 1098 1711 1141 hic

146 1176 237 1218 fieri
253 1175 371 1218 Petri
392 1174 659 1226 mentionem,
682 1174 716 1215 si
736 1173 895 1215 Romae
912 1173 1036 1215 fuerit
1057 1173 1136 1215 hoc
1157 1181 1357 1229 tempore,
1379 1180 1427 1215 ut
1443 1180 1606 1216 veteres
1626 1173 1714 1229 ple-

146 1252 265 1307 rique
297 1250 574 1302 tradiderunt,
606 1256 649 1291 et
679 1248 859 1290 Romani
893 1263 968 1304 pro
1003 1248 1178 1290 articulo
1207 1248 1306 1290 fidei
1335 1255 1495 1301 tenent,
1527 1254 1570 1290 et
1604 1248 1712 1290 ferro

146 1325 408 1381 flammisque
429 1323 673 1367 defendunt.
714 1323 879 1365 Inserta
901 1330 964 1365 est
980 1323 1119 1365 cautio
1135 1323 1187 1365 (16
1204 1323 1387 1365 vitandis
1409 1315 1713 1379 2‘7'2503130067502-

145 1402 245 1448 λοις,
268 1415 371 1456 quos
387 1399 653 1442 dissidiorum
675 1405 718 1440 et
738 1398 1025 1440 scandalorum
1047 1405 1213 1441 autores
1234 1405 1369 1452 vocat,
1391 1415 1431 1454 q.
1449 1400 1489 1440 d.
1510 1399 1574 1441 uti
1595 1397 1713 1441 vobis

146 1477 350 1518 hactenus
380 1475 511 1517 bonos
531 1473 833 1526 commendavi,
864 1473 924 1514 ita
943 1473 1088 1515 hortor
1116 1480 1164 1515 ut
1195 1473 1370 1515 sollicite
1392 1481 1435 1515 et
1455 1480 1618 1516 attente
1639 1473 1712 1516 ob-

146 1549 335 1602 servetis,
357 1548 475 1604 quasi
496 1563 518 1590 e
540 1547 708 1603 specula
730 1547 901 1589 callidos
921 1547 1185 1603 impostores3
1217 1548 1295 1590 hoc
1317 1548 1426 1590 enim
1449 1555 1512 1591 est
1533 1542 1709 1596 σκοπέἱν,

146 1624 260 1666 unde
281 1623 499 1679 scopulus3
522 1612 639 1678 ποιξοὶ
655 1613 723 1668 τὴν
741 1613 925 1675 διδαχὴν,
949 1621 1176 1677 praeterita
1196 1622 1398 1676 doctrina,
1423 1622 1563 1678 potius
1583 1637 1708 1678 quam

144 1705 292 1742 contra
311 1697 558 1751 doctrinam,
580 1697 652 1753 qui
673 1713 729 1739 sc.
753 1697 866 1739 aliud
887 1697 1107 1750 docebant,
1135 1704 1209 1739 aut
1239 1697 1360 1739 aliter
1380 1713 1505 1753 quam
1533 1697 1711 1740 dedicis-

142 1779 238 1816 sent
252 1771 445 1825 Romani,
462 1779 536 1814 aut
551 1772 750 1814 docerent
762 1771 970 1827 Apostoli.
1001 1761 1253 1811 Ἐκκλίνατε
1269 1762 1344 1810 ἀπ’
1362 1764 1508 1819 ἀυτῶν,
1525 1771 1711 1814 notanda

127 1846 207 1889 ·vis
237 1845 605 1902 praepositionum,
635 1836 696 1885 ἐκ
724 1853 767 1888 et
796 1836 899 1894 ἀπὸ,
919 1852 968 1888 ut
989 1846 1248 1902 significetur
1274 1847 1480 1902 separatio
1508 1845 1560 1888 ab
1580 1845 1644 1899 iis,
1665 1852 1710 1888 et

142 1936 288 1964 eorum
309 1920 697 1975 excommunicatio,
727 1928 777 1963 ut
799 1921 947 1977 prioris
968 1921 1021 1963 ad
1042 1921 1151 1962 Tim.
1173 1936 1262 1977 cap.
1284 1921 1349 1969 vi„
1361 1937 1401 1963 v.
1420 1923 1457 1974 5,
1478 1910 1705 1972 ἀφίστασο,

143 1996 303 2039 secede.
362 1995 432 2038 Ita
452 1995 609 2037 Paulus
631 1995 729 2038 Act.
750 1995 849 2046 xix.‚
872 1987 1042 2038 secessit
1063 2011 1087 2037 a
1106 1995 1139 2038 J
1141 1995 1284 2038 udaeis
1314 1995 1643 2049 contumacibus,
1665 2001 1709 2038 et

139 2070 351 2128 separavit
380 2070 618 2126 discipulos.
676 2070 918 2126 Descriptio
948 2085 1090 2113 eorum
1121 2077 1288 2126 sumpta
1318 2078 1381 2113 est
1402 2070 1454 2112 ab
1476 2070 1635 2113 effectis
1665 2077 1709 2113 et

140 2145 351 2202 adjunctis
372 2146 598 2188 admodum
627 2153 833 2198 accurata,
865 2145 969 2188 adeo
998 2152 1047 2187 ut
1078 2145 1268 2200 quamvis
1299 2160 1368 2187 eos
1398 2161 1483 2187 non
1506 2125 1708 2199 noininet,

140 2228 284 2264 tamen
303 2220 365 2263 ita
383 2219 581 2277 graphice
601 2219 815 2277 depingat,
836 2226 885 2262 ut
905 2219 958 2262 ab
979 2219 1171 2262 omnibus
1198 2219 1369 2276 agnosci
1387 2220 1562 2276 possint.
1619 2219 1665 2261 N
1667 2234 1709 2262 e*-

123 2303 214 2354 gat
236 2295 406 2340 Christo
422 2294 590 2348 servire,
612 2295 685 2337 sed
701 2294 851 2349 ventri,
868 2295 981 2350 quod
1000 2294 1125 2350 hujus
1145 2294 1258 2337 vitae
1273 2294 1500 2337 commodis
1517 2301 1560 2336 et
1579 2293 1710 2336 hono-

142 2371 258 2414 ribus
278 2371 456 2414 inhient.
513 2360 803 2424 Ἐξαπατῶσι,
835 2371 1055 2423 seducunt,
1081 2369 1292 2426 signatum
1312 2369 1499 2422 verbum,
1521 2383 1604 2424 quo
1632 2368 1711 2410 im-

138 2452 337 2503 posturae
357 2445 535 2488 efficacis
555 2444 729 2488 effectus
751 2444 1024 2501 exprimitur3
1055 2450 1120 2487 est
1140 2443 1252 2486 enim
1281 2450 1401 2486 extra
1419 2450 1578 2485 rectam
1596 2443 1710 2486 viam

139 2520 360 2574 abducere,
395 2519 448 2562 ab
483 2513 524 2568 ἐξ
555 2526 599 2563 et
630 2511 791 2568 ἀπάτη,
823 2519 1025 2573 seductio,
1057 2518 1110 2561 ab
1141 2534 1167 2561 a
1194 2517 1388 2574 privandi
1417 2517 1633 2573 particula,
1664 2523 1709 2560 et

141 2587 293 2642 πάτος,
311 2593 549 2650 vestigium,
566 2600 640 2636 aut
658 2593 725 2637 via
743 2594 857 2647 trita,
878 2587 1012 2633 πάτον
1032 2585 1229 2650 ἄνθρωπον
1249 2585 1421 2632 ἀλεείνει.
1484 2592 1605 2635 Duas
1634 2591 1719 2635 tri-'

140 2669 234 2712 buit
253 2668 334 2712 illis
355 2667 474 2724 quasi
493 2667 719 2721 machinas,
740 2668 891 2723 quibus
911 2669 1103 2711 incautos
1130 2675 1174 2710 et
1193 2667 1364 2710 minime
1383 2667 1514 2710 malos
1533 2666 1578 2709 in
1597 2666 1710 2710 frau-

143 2744 241 2786 dem
260 2742 476 2797 inducant,
500 2733 801 2800 χρηστολογίαν
837 2749 880 2786 et
910 2733 1116 2796 ἒυλογίαν,
1143 2756 1319 2798 quarum
1346 2741 1478 2784 altera
1503 2755 1709 2784 summam

141 2816 428 2871 humanitatis,
442 2817 574 2860 altera
587 2817 758 2874 pietatis
771 2831 870 2873 prae
883 2832 928 2859 se
949 2816 1129 2873 speciem
1146 2815 1240 2859 fert.
1285 2816 1397 2858 Nam
1411 2805 1705 2872 χρηστολογὶα,

141 2906 226 2947 qua
244 2891 417 2934 rationis
439 2890 675 2946 blanditias,
705 2907 780 2934 scu
809 2890 1210 2947 blandiloquentiam
1231 2890 1452 2947 significat,
1473 2889 1708 2946 cujusmodi
