1887 3188
217 240 299 280 482
826 251 1206 292 COMMENTARIUS,

223 363 402 405 Deuter·
425 378 515 418 cap.
537 378 638 404 xxx.
660 379 701 406 v.
725 366 802 413 123
825 365 1027 407 describit
1042 365 1253 419 justitiam
1275 365 1375 407 fidei
1398 363 1539 407 verbis
1559 363 1694 406 Mosis
1715 363 1807 419 qui·

223 438 333 490 dem,
357 438 431 479 sed
452 438 506 479 ad
527 437 747 480 Christum
767 439 988 494 applicatis
1010 455 1063 481 ex
1084 455 1209 481 sensu
1229 440 1466 492 verborum,
1490 446 1534 481 et
1554 453 1655 480 vera
1677 438 1810 480 inter-

223 511 475 567 pretatione.
517 511 660 564 Fides,
677 512 830 566 inquit,
846 528 931 554 non
948 513 1114 567 quaerit
1130 521 1203 555 aut
1220 514 1388 555 dubitat
1410 514 1462 555 de
1479 528 1604 555 verae
1614 511 1808 567 justitiae

224 586 292 627 vel
312 593 460 628 autore
482 586 550 628 vel
569 586 722 639 indice,
751 594 800 628 ut
821 602 929 641 quae
949 587 1069 628 novit
1092 586 1309 629 Christum
1332 587 1463 642 patris
1484 587 1598 642 apud
1617 585 1810 628 homines

224 659 501 715 interpretem
523 667 565 701 et
588 661 851 702 sacerdotem
871 668 1078 713 nostrum,
1095 661 1307 714 justitiam
1335 661 1443 703 hanc
1463 676 1605 702 veram
1629 667 1672 702 et
1693 659 1811 701 exhi-

226 733 367 776 buisse
384 735 555 786 mundo,
573 741 616 775 et
632 734 933 789 promulgasse,
950 742 999 775 ut
1013 749 1151 789 neque
1168 735 1334 776 occulta
1348 750 1461 776 nunc
1478 735 1545 787 sit,
1561 749 1700 788 neque
1720 734 1811 776 lon·

225 807 397 863 ginqua,
429 807 585 862 quippe
616 807 659 848 in
680 807 966 863 Evangelium
992 808 1196 863 exposita,
1228 809 1348 862 cujus
1379 823 1543 850 summa
1573 815 1638 850 est
1666 807 1811 849 Iesum

226 882 445 923 dominum
475 888 690 923 mortuum
721 897 811 924 esse
832 898 908 938 pro
929 882 1128 937 peccatis,
1152 889 1195 924 et
1215 882 1492 924 resurrexisse
1523 882 1578 923 ad
1601 880 1814 936 justitiam

226 956 348 998 nobis
370 955 679 1009 conferendm,
712 963 756 998 et
786 956 979 998 salutem.
1040 956 1175 1010 Cujus
1195 956 1418 1011 utriusque
1448 955 1675 1011 participes
1700 960 1813 1007 sunt,

227 1029 470 1085 quicunque
502 1030 583 1072 hoc
618 1030 744 1072 corde
777 1031 958 1072 credunt
991 1038 1035 1072 et
1068 1045 1138 1072 ore
1170 1030 1441 1072 confitentur.
1500 1029 1639 1085 Atqui
1669 1028 1815 1071 Moses

228 1104 339 1146 dixit
368 1119 454 1146 non
485 1119 575 1146 esse
603 1106 888 1159 quaerendam
909 1105 953 1146 in
975 1105 1104 1158 coelo,
1135 1105 1222 1147 acsi
1251 1111 1426 1157 remota,
1448 1113 1522 1146 aut
1547 1110 1668 1146 extra
1685 1117 1815 1155 mare,

229 1178 350 1232 quasi
381 1179 547 1220 occulta
578 1186 701 1220 esset.
762 1178 902 1234 Prope
934 1179 1047 1220 enim
1078 1194 1169 1220 esse
1196 1178 1386 1230 verbum,
1419 1178 1446 1219 i.
1464 1194 1500 1220 e.
1532 1177 1818 1233 Evangelium

223 1252 438 1307 justitiam
458 1252 567 1294 hanc
587 1252 860 1308 patefaciens,
881 1253 1011 1307 idque
1031 1253 1075 1293 in
1097 1268 1167 1294 ore
1183 1260 1233 1294 ut
1249 1259 1546 1308 expromptum
1563 1259 1606 1293 et
1626 1252 1670 1292 in
1691 1251 1818 1294 corde

229 1333 280 1368 ut
300 1327 598 1382 propinquum.
652 1327 750 1368 Hoc
771 1335 915 1368 autem
931 1327 1107 1369 verbum
1128 1327 1434 1382 interpretatur
1448 1325 1705 1381 Apostolum
1725 1339 1820 1367 ver-

230 1400 333 1443 bum
363 1400 476 1453 fidei,
508 1401 623 1455 quod
652 1401 957 1456 praedicamus,
980 1401 1006 1442 i.
1029 1416 1065 1442 e.
1087 1408 1136 1442 ut
1157 1401 1258 1454 dixi,
1280 1400 1578 1456 Evangelium,
1609 1400 1725 1454 quod
1754 1405 1820 1442 est

232 1474 428 1529 potentia
459 1474 545 1515 Dei
574 1474 619 1515 in
649 1475 829 1516 salutem
850 1475 1104 1517 conferendo
1128 1474 1340 1528 justitiam
1373 1482 1416 1516 et
1445 1475 1586 1527 fidem,
1617 1489 1666 1516 ac
1686 1473 1822 1529 primo

232 1548 374 1590 fidem.
434 1548 540 1590 Ideo
561 1548 629 1590 hic
651 1548 829 1590 verbum
848 1548 950 1590 fidei
970 1549 1127 1590 dicitur
1139 1565 1150 1598 3
1182 1549 1335 1590 deinde
1350 1548 1563 1602 justitiam
1583 1563 1659 1603 per
1677 1548 1819 1600 fidem,

234 1638 283 1665 ac
304 1623 478 1664 tandem
499 1622 681 1664 salutem
700 1629 874 1678 propter
897 1623 1125 1677 justitiam.
1186 1623 1276 1674 Qui
1295 1623 1397 1665 ordo
1418 1637 1639 1664 causarum
1657 1622 1728 1665 hio
1747 1622 1822 1665 ob-

235 1697 468 1739 servandus
493 1703 571 1749 est,
592 1703 642 1738 ut
663 1696 720 1749 id,
752 1697 867 1751 quod
886 1696 930 1738 in
952 1712 1043 1752 cap.
1064 1697 1092 1738 i.
1114 1713 1154 1738 v.
1179 1698 1231 1739 16
1253 1703 1297 1738 et
1320 1698 1387 1749 17,
1409 1711 1535 1751 supra
1555 1696 1718 1738 dictum
1743 1703 1821 1750 est,

233 1770 512 1826 intelligatur.
557 1770 731 1812 Diserte
751 1771 820 1813 hic
841 1771 994 1813 Mosen
1015 1771 1140 1814 docet
1160 1770 1456 1813 concionatum
1478 1786 1570 1813 esse
1585 1771 1639 1813 de
1653 1770 1824 1826 justitia

236 1844 351 1898 fidei,
373 1845 426 1887 de
448 1845 584 1887 salute
605 1844 649 1886 in
667 1844 853 1897 Christo,
875 1852 1005 1900 atque
1024 1844 1277 1901 Evangelio,
1298 1844 1522 1900 ipsumque
1537 1844 1823 1902 Evangelium

238 1934 329 1962 esse
349 1918 455 1961 illud
475 1919 560 1960 Dei
575 1919 766 1972 verbum,
788 1919 902 1973 quod
923 1919 1084 1960 adimat
1100 1934 1268 1960 omnem
1288 1918 1597 1961 dubitationem
1613 1919 1667 1961 de
1687 1918 1824 1961 salute

239 2000 284 2035 et
309 1992 492 2048 justitia,
521 1993 574 2034 ad
605 2008 733 2047 quam
761 2008 839 2048 per
866 1988 1131 2048 legisopera
1159 1993 1401 2035 mortalium
1428 2007 1553 2034 nemo
1579 1991 1824 2049 pertingam

240 2066 462 2110 Christum
482 2066 665 2122 denique
694 2066 815 2108 illum
834 2082 940 2120 esse,
962 2066 1036 2122 qui
1056 2082 1079 2109 e
1100 2067 1218 2109 coelo
1237 2066 1518 2120 descenderit,
1538 2073 1588 2109 ut
1607 2065 1826 2109 moriendo

234 2140 450 2196 justitiam
472 2140 594 2183 nobis
615 2146 660 2183 et-
680 2141 861 2183 salutem
889 2140 1141 2196 acquireret,
1162 2156 1188 2183 a
1207 2140 1385 2183 mortuis
1405 2156 1506 2183 vero
1534 2140 1826 2193 resurrexisse,

240 2221 291 2257 ut
310 2214 562 2270 acquisitam
582 2214 704 2257 nobis
726 2214 953 2257 efficaciter
973 2214 1218 2265 exhiberet;
1243 2215 1419 2258 deducit
1438 2215 1592 2270 Apost.
1613 2229 1668 2256 ex
1687 2213 1827 2257 verbis

241 2289 379 2332 Mosis
407 2289 524 2332 fideli
558 2288 923 2344 interpretatione,
954 2288 1148 2331 Verbum
1176 2289 1222 2330 in
1251 2304 1323 2332 ore
1359 2296 1403 2331 et
1437 2288 1587 2338 corde3
1619 2287 1750 2330 fidem
1781 2287 1828 2330 in

247 2362 481 2417 Christum,
517 2369 562 2406 et
590 2363 692 2406 fidei
725 2362 1033 2406 confessionem
1067 2363 1122 2405 ad
1147 2363 1360 2418 justitiam
1389 2369 1440 2405 -et
1472 2361 1652 2404 salutem
1685 2360 1831 2405 Evan-

244 2437 358 2493 gelio
390 2437 650 2488 exhibitam3
681 2443 727 2480 et
755 2437 818 2479 ita
843 2437 1017 2493 quidem
1045 2443 1096 2480 ut
1122 2437 1207 2479 fide
1235 2437 1484 2493 ingenerata
1514 2435 1828 2491 praedicatione

244 2510 474 2567 Evangelii
497 2511 624 2554 corde
654 2511 876 2554 credamus
901 2510 1121 2554 Christum
1155 2525 1232 2566 pro
1265 2509 1388 2553 nobis
1416 2516 1632 2552 mortuum
1661 2524 1754 2553 esse
1783 2515 1830 2553 et

227 2585 524 2637 .resurrexisse
554 2586 608 2627 ad
637 2600 716 2628 nos
739 2585 1049 2640 justificandos,
1080 2592 1125 2628 et
1154 2600 1226 2627 ore
1256 2583 1532 2639 profiteamur
1562 2583 1708 2627 Iesum
1736 2598 1829 2627 esse

244 2657 493 2712 Dominum,
515 2659 602 2714 (est
619 2659 731 2701 enim
747 2659 904 2715 ellipsis
919 2658 1040 2702 verbi
1059 2657 1316 2701 substantivi
1331 2657 1443 2700 inter
1457 2657 1602 2702 Iesum
1620 2664 1667 2700 et
1680 2657 1831 2701 Domi-

246 2747 351 2776 num
370 2732 673 2788 subaudiendi)
691 2739 736 2776 et
755 2733 882 2775 dictis
903 2739 948 2776 et
968 2732 1092 2775 factis
1105 2731 1323 2776 Christum
1341 2732 1625 2788 exprimamus
1645 2732 1702 2774 ad
1719 2731 1830 2776 salu—

247 2814 337 2850 tem
355 2807 710 2863 consequendam.
769 2806 822 2848 In
843 2821 1007 2849 summa
1019 2805 1234 2861 justitiam
1252 2806 1433 2862 legalem
1452 2805 1610 2862 paucis,
1629 2805 1830 2863 Evange-

245 2882 371 2925 licam
396 2880 588 2939 pluribus
615 2880 830 2934 describit,
859 2887 903 2923 et
929 2879 1214 2936 Evangelium
1243 2880 1350 2924 illud
1377 2881 1711 2925 instrumentum
1735 2893 1830 2935 esse
