1887 3188
724 222 826 253 CAP.
849 223 913 253 1v.
938 212 1053 254 1-13.
1634 212 1716 252 441

125 345 364 388 cabuntur:
395 343 460 385 At
480 342 699 384 Abraham
720 342 806 384 fide
830 342 1092 397 justificatus
1116 342 1227 385 fuit:
1259 343 1378 399 Ergo
1399 343 1610 398 servandi,
1633 343 1723 386 sive

126 419 264 472 electi,
279 433 424 461 omnes
437 417 522 459 fide
533 416 898 471 justificabuntur.
949 417 1261 472 Propositionis
1279 419 1493 460 sententia
1510 418 1646 460 tribus
1662 418 1726 459 ul-

125 493 241 536 timis
249 491 440 535 versibus
455 491 850 547 comprehenditur3
868 490 1026 533 Assum
1033 491 1123 546 ptio
1134 498 1231 533 octo
1244 491 1410 546 primis3
1427 491 1656 534 Conclusio
1663 507 1728 534 re-

124 566 266 622 liquis.
298 557 358 604 Τῖ
374 558 453 613 οὐν,
472 565 774 621 assumptionis
785 565 1000 608 sententia
1013 565 1491 614 contrarioillustratur3
1508 565 1729 607 Abraham

126 657 180 684 ex
196 641 394 697 operibus
406 640 666 696 justificatus
685 656 771 682 non
787 640 883 682 fuit.
932 640 1223 696 Interrogatio
1241 640 1354 682 enim
1368 646 1500 696 negat
1513 640 1699 682 hocloco
1715 655 1725 681 :

123 716 419 758 Abrahamum
440 731 541 757 vero
562 722 727 771 patrem
755 722 882 757 vocat
911 730 997 757 non
1028 722 1118 757 tam
1147 721 1326 757 naturae
1356 721 1566 770 respectu,
1599 729 1729 769 quam

124 790 302 847 gratiae.
364 789 609 833 Secundum
632 805 802 832 carnem
823 790 937 831 idem
960 797 1037 843 est,
1070 790 1185 845 quod
1215 789 1379 832 meritis
1410 805 1599 845 operum,
1622 804 1662 844 q.
1686 789 1728 830 d.

125 865 196 908 Ne
217 865 438 907 Abraham
460 864 645 919 quidem,
668 879 912 920 quanquam
935 864 1178 920 Spiritualis
1210 864 1398 906 omnium
1429 864 1612 906 filiorum
1642 863 1730 905 Dei

124 940 270 994 Pater,
293 946 337 982 et
358 955 483 982 verae
508 939 827 994 justificationis
850 940 1077 995 exemplar,
1105 939 1302 995 operibus
1329 939 1525 994 justitiae
1557 939 1729 980 laudem

125 1021 191 1058 est
211 1021 477 1058 consecutus.
538 1014 668 1056 Ratio
684 1030 760 1070 per
776 1014 1095 1056 distinctionem
1111 1014 1317 1067 redditur,
1340 1029 1380 1056 v.
1403 1015 1443 1055 2.
1505 1013 1637 1054 Aliud
1664 1018 1730 1054 est

125 1105 267 1133 coram
288 1090 397 1143 Deo,
424 1089 540 1130 aliud
570 1104 712 1131 coram
741 1089 984 1131 hominibus
1009 1089 1204 1144 justitiae
1235 1088 1405 1130 laudem
1436 1087 1616 1130 mereri:
1648 1086 1729 1129 hoc

125 1164 345 1207 Abraham
367 1164 544 1206 fortasse
566 1164 720 1219 potuit,
743 1163 849 1204 illud
869 1164 1126 1205 nullatenus.
1189 1163 1345 1206 Coram
1361 1163 1457 1204 Deo
1478 1162 1585 1203 nihil
1605 1169 1731 1218 potu-

123 1239 208 1282 isse
231 1239 298 1282 vel
319 1239 584 1281 sanctissima
609 1254 737 1294 opera
757 1238 1007 1290 Abrahami,
1028 1238 1182 1294 probat
1214 1238 1360 1280 divino
1391 1236 1653 1289 testimonio,
1685 1252 1727 1278 v.

126 1316 165 1367 3,
188 1321 317 1369 atque
345 1314 407 1356 ita
426 1313 668 1369 ingreditur
697 1313 1063 1355 confirmationem
1079 1313 1276 1367 justitiae
1297 1312 1411 1365 fidei,
1441 1327 1570 1366 quam
1601 1317 1729 1352 antea

123 1388 250 1445 legali
271 1387 566 1444 propitiatorio
583 1387 863 1441 confirmavit,
886 1387 1146 1443 propheticis
1162 1387 1420 1429 testimoniis
1438 1386 1727 1442 comprobare.

124 1463 360 1505 Abrahami
376 1463 481 1505 fides
498 1463 552 1504 ad
567 1462 783 1517 justitiam
799 1463 1012 1518 imputata
1027 1462 1122 1515 fuit,
1139 1478 1210 1504 xv.
1230 1461 1391 1505 Genes.
1410 1461 1526 1516 quod
1542 1460 1729 1502 illustrat

123 1538 328 1581 antithesi
358 1537 680 1591 contrariorum,
702 1537 759 1579 iv.
784 1538 822 1580 5.
883 1536 974 1579 Ubi
995 1537 1175 1579 observa
1204 1537 1445 1579 mercedem
1477 1535 1599 1576 aliam
1632 1550 1729 1591 gra-

53 1647 58 1651 .
122 1613 292 1666 tuitam,
329 1612 454 1654 aliam
491 1611 708 1654 debitam:
749 1611 860 1653 hanc
895 1611 1074 1667 rependi
1103 1611 1315 1666 operibus,
1347 1611 1462 1652 illam
1501 1625 1554 1652 ex
1588 1609 1729 1665 gratia

123 1687 285 1740 donari,
307 1693 357 1728 ut
378 1701 487 1742 quae
507 1686 638 1741 impio
660 1693 704 1728 et
724 1685 831 1726 nihil
851 1685 953 1728 boni
972 1685 1204 1741 promerito
1225 1685 1358 1742 gratis
1383 1684 1608 1738 tribuatur,
1640 1699 1727 1739 quo

123 1768 291 1818 spectat
320 1760 618 1816 propheticum
648 1759 830 1802 Davidis
861 1761 1092 1814 oraculum,
1117 1760 1332 1815 justitiam
1363 1759 1523 1814 absque
1549 1773 1727 1815 operum

123 1836 286 1879 meritis
307 1834 586 1878 beatitudinis
607 1834 778 1877 nomine
799 1835 1061 1890 praedicans,
1086 1837 1124 1888 6,
1149 1838 1187 1889 7,
1209 1838 1250 1888 8,
1272 1850 1327 1888 v.,
1350 1849 1528 1889 eamque
1553 1833 1598 1875 in
1629 1848 1728 1889 pec-

121 1917 316 1954 catorum
335 1909 582 1952 remissione
600 1909 822 1962 collocans,
840 1910 954 1951 unde
970 1910 1158 1965 petenda
1174 1925 1275 1952 vera
1289 1908 1610 1964 justificationis
1632 1924 1728 1951 sen-

122 1985 273 2028 tentia.
333 1984 482 2040 Atque
502 1984 608 2026 haec
628 1983 775 2040 paucis
797 1984 850 2026 de
872 1984 1188 2040 assumptione3
1221 1982 1452 2027 Conclusio
1480 1983 1727 2039 disputatur

121 2060 314 2118 pluribus
334 2075 412 2116 per
431 2058 727 2115 dialogismum
750 2074 775 2100 a
806 2061 830 2102 9
853 2075 894 2101 v.
915 2059 970 2100 ad
992 2061 1060 2112 23,
1092 2074 1361 2101 communem
1387 2074 1444 2101 sc.
1460 2058 1727 2113 justificandi

121 2135 331 2178 rationem
339 2133 626 2190 justificandis
639 2133 835 2176 omnibus
849 2141 938 2176 tam
953 2133 1170 2177 Gentibus
1184 2150 1312 2190 quam
1320 2133 1516 2188 Judaeis,
1525 2134 1580 2175 ad
1596 2148 1726 2189 quam

122 2209 438 2254 conclusionem
459 2208 756 2250 illustrandam
776 2215 957 2265 urgetur
975 2209 1057 2251 hoc
1077 2209 1194 2251 idem
1214 2208 1453 2250 Abrahami
1481 2208 1725 2264 exemplum

122 2300 222 2328 cum
234 2283 438 2340 temporis
450 2282 685 2336 notatione,
699 2290 743 2325 et
756 2283 916 2338 duplici
931 2289 1050 2325 statu
1063 2299 1073 2325 z
1095 2283 1230 2326 altero
1243 2283 1417 2338 quidem
1429 2283 1475 2324 in
1486 2282 1725 2338 praeputio,

122 2375 255 2416 quum
271 2359 460 2402 nondum
478 2364 590 2401 esset
607 2357 892 2411 circumcisus,
908 2358 993 2400 fide
1010 2365 1154 2400 tamen
1163 2357 1426 2413 justificatus
1443 2373 1454 2399 z
1475 2357 1610 2400 altero
1625 2373 1725 2400 cum

124 2433 512 2487 circumcideretur,
553 2439 598 2476 et
630 2432 828 2488 justitiae
866 2432 968 2475 fidei
1003 2439 1208 2488 tanquam
1243 2431 1383 2488 sigillo
1413 2431 1725 2488 obsignaretur.

124 2508 345 2569 Abraham
367 2508 501 2565 igitur
520 2515 570 2551 ut
590 2507 910 2551 incircumcisus
942 2507 1166 2561 Gentium,
1186 2493 1237 2549 ut
1257 2506 1531 2550 circumcisus
1560 2506 1594 2550 J
1595 2507 1726 2550 udae-

124 2598 246 2627 orum
267 2583 483 2639 exemplar
501 2583 631 2626 fuisse
651 2582 798 2636 tradit,
821 2582 896 2625 sed
916 2574 1057 2638 neque
1077 2581 1422 2635 circumcisionis,
1442 2596 1584 2637 neque
1603 2596 1726 2637 prae-

124 2657 236 2714 putii
255 2657 434 2710 ratione,
455 2658 531 2700 sed
551 2657 680 2700 solius
699 2657 800 2700 fidei
815 2656 1138 2712 justificatione,
1168 2656 1285 2712 quod
1304 2655 1458 2713 probat
1486 2655 1725 2698 Abrahami

123 2732 231 2776 item
251 2731 458 2788 exemplo,
480 2731 554 2786 qui
573 2746 659 2774 non
678 2731 775 2788 lege
796 2738 872 2774 aut
891 2730 1090 2787 operibus
1110 2738 1177 2774 est
1195 2730 1306 2774 hanc
1322 2729 1577 2787 dignitatem
1595 2730 1725 2786 adep-

124 2813 210 2859 tus,
231 2812 282 2849 ut
302 2812 415 2849 esset
442 2805 663 2848 Ecclesiae
684 2821 738 2848 ex
766 2806 949 2849 Judaeis
970 2813 1014 2849 et
1036 2805 1253 2850 Gentibus
1283 2805 1547 2862 colligendae
1577 2803 1723 2859 Pater,

125 2881 203 2924 sed
241 2879 432 2938 gratuita
469 2879 568 2923 fidei
606 2880 791 2936 justitia.
869 2881 1000 2924 Ratio
1044 2881 1159 2937 quod
1206 2895 1383 2936 operum
1425 2878 1597 2934 justitia
1636 2894 1723 2922 non
