1887 3188
679 216 780 246 CAP.
804 216 846 244 V.
873 204 1015 245 15-19.
1569 200 1652 240 449

57 349 101 385 et
122 342 277 384 inferos
309 340 386 383 sub
418 340 510 395 ipsa
539 336 748 393 principia
779 342 1015 389 tropaeum,
1048 341 1096 375 ut
1129 334 1289 376 indicat
1320 349 1476 376 nomen
1507 325 1652 380 τύπος,

56 424 226 459 tantum
256 413 507 470 mysterium
539 426 636 453 eum
667 408 946 452 similitudine
976 408 1098 463 quasi
1118 408 1173 449 ad
1194 423 1326 449 unum
1348 408 1525 450 verbum
1557 423 1657 450 eon-

56 490 242 533 trahens.
304 487 510 543 Sequitur
530 483 820 528 similitudinis
850 481 1079 524 illustratio
1101 497 1125 523 a
1146 481 1493 524 dissimilitudine
1521 482 1656 538 impa-

56 565 179 618 rium,
201 563 339 606 tribus
360 577 470 604 vers.
495 562 562 613 15,
587 562 654 612 16,
680 561 746 612 17,
765 573 813 600 ae
835 557 1036 612 deinceps
1059 555 1337 598 similitudine
1359 556 1524 597 duobus
1547 572 1655 598 vers.

55 638 222 696 plenius
263 636 513 693 explicatur,
553 637 620 687 18,
660 636 726 677 19.
790 632 861 674 Ad
901 630 1292 673 dissimilitudinem
1333 629 1657 686 intelligendam

56 729 162 770 opus
204 720 269 756 est
309 711 576 767 quarundam
616 724 769 752 vocum
813 706 1193 759 animadversione,
1239 711 1289 747 ut
1329 697 1540 761 χάρισμα,
1589 706 1658 747 cui

57 788 287 845 opponitur
306 779 602 842 παράπτωμα.

347 878 504 920 Adam.
1155 873 1366 917 Christus.

127 944 348 1010 Παρακοῆ.
952 940 1172 995 “Υπακοῆ.

128 1021 436 1085 Παράπτωμα.
951 1018 1172 1080 Χάρισμα.

124 1095 369 1159 “Αμαρτιά.
954 1091 1210 1145 Δικαιοσύνη
1227 1105 1268 1141 et
1282 1091 1405 1154 χάρις
1420 1091 1488 1138 διά
1504 1092 1661 1139 δικαιο-

1016 1168 1145 1222 erbum.

136 1248 295 1310 Κρῖμα,
315 1253 540 1308 judicium,
573 1253 600 1294 i.
633 1268 668 1294 e.
700 1258 843 1294 reatus
965 1244 1170 1306 Δῶξημια·

180 1329 280 1385 quia
304 1328 517 1384 judicium
545 1334 779 1383 occupatur
798 1326 843 1368 in

178 1411 301 1446 reatu
322 1402 608 1458 adjudicando
630 1401 755 1443 sonti.

134 1471 414 1534 Κατάκριμα.
959 1467 1215 1531 Δικάιωμα.

134 1547 398 1610 Κατάκρισις
423 1546 614 1592 θανάτου.
956 1543 1193 1596 Δικάιωσις
1217 1544 1330 1604 ζωῆς.

134 1623 347 1674 Θάνατος.
959 1618 1067 1672 Zoni,

70 1753 197 1815 Πηγῆ
228 1753 306 1801 καὶ
326 1752 433 1817 ῥίζα,
466 1760 560 1803 fons
583 1766 626 1802 et
646 1758 769 1800 radix
795 1758 945 1801 mortis
976 1765 1019 1801 et
1040 1758 1156 1801 vitae
1188 1766 1253 1802 est
1274 1759 1434 1802 Adami
1455 1754 1664 1817 παρακοὴ,

67 1836 183 1879 unde
217 1836 308 1891 ejus
344 1826 394 1875 τό
431 1827 727 1892 παράπτωμα,
768 1833 883 1875 unde
920 1833 1010 1888 ejus
1052 1827 1074 1880 ἦ
1116 1825 1326 1891 ἁμαρτία,
1365 1835 1480 1877 unde
1517 1842 1583 1878 est
1617 1827 1668 1875 τὰ

67 1907 214 1966 κρῖμα,
255 1910 370 1966 quod
411 1924 555 1952 seeum
587 1908 712 1951 affert
751 1901 1020 1964 κατάκριμα,
1060 1916 1104 1951 et
1134 1909 1215 1952 hoc
1254 1903 1502 1966 κατάκρισιν
1544 1904 1668 1950 θανά-

69 1995 159 2033 του,
192 1985 308 2027 unde
340 1999 453 2027 mors
486 1990 660 2026 aeterna
688 1983 894 2038 sequitur.
969 1983 1008 2025 E
1037 1983 1212 2040 regione
1244 1986 1474 2041 respondet
1507 1984 1672 2028 Christi

70 2054 93 2107 ἦ
136 2050 319 2107 ὑπακοὴ,
360 2049 410 2098 τὸ
440 2052 651 2115 χάρισμα,
695 2051 717 2105 ἡ
759 2049 1008 2106 δικαιοσύνη,
1044 2049 1095 2098 τό
1124 2050 1305 2116 δώρημα,
1349 2051 1400 2099 τό
1438 2051 1668 2116 δικάιωμα,

70 2150 180 2191 quae
211 2134 353 2178 omnia
383 2134 572 2190 quinque
612 2149 690 2190 pro
731 2134 880 2176 eodem
922 2133 1033 2176 sumi
1075 2133 1354 2190 (quamquam
1396 2134 1565 2178 diversa
1604 2150 1671 2178 ra-

70 2210 209 2267 tione)
244 2209 447 2252 videntur
462 2225 473 2258 3
510 2215 640 2264 atque
670 2223 756 2250 una
791 2215 835 2251 et
866 2208 1015 2251 eadem
1050 2207 1214 2251 Christi
1249 2209 1494 2252 obedientia
1525 2209 1671 2253 vocari

71 2285 198 2329 etiam
221 2278 244 2332 ἧ
262 2276 386 2341 χάρις
403 2280 481 2323 τοῦ
501 2278 602 2331 θεοῦ,
621 2273 700 2322 καὶ
723 2275 746 2330 ἦ
766 2273 891 2339 δωρεὰ
910 2275 946 2322 ἐν
964 2277 1019 2339 τῇ
1036 2275 1180 2339 χάριτι
1198 2278 1253 2340 τῇ
1267 2279 1344 2323 τοῦ
1361 2274 1442 2329 ἑνὸς
1460 2275 1669 2339 ἀνθρώπου

76 2353 198 2407 Ιησοῢ
230 2353 398 2416 Χρισοῦ,
431 2350 510 2398 καὶ
532 2352 555 2405 ἡ
580 2349 788 2415 περισσεία
813 2353 887 2404 τῆς
916 2350 1090 2414 χάριτος
1116 2349 1196 2397 καὶ
1217 2353 1291 2405 τῆς
1319 2350 1466 2415 δωρεᾶς
1489 2348 1568 2397 καὶ
1596 2354 1673 2405 τῆς

75 2426 340 2481 δικαιοσύνης.
399 2434 631 2476 Praeterea
661 2427 719 2488 τῷ
753 2426 1080 2488 παραπτώματι
1111 2448 1196 2475 non
1227 2432 1364 2475 solum
1394 2422 1446 2472 τδ
1473 2425 1672 2489 χάρισμα

25 2539 35 2546 -
75 2523 118 2551 v.
133 2510 202 2552 15.
216 2508 292 2551 sed
305 2507 434 2551 etiam
455 2498 505 2547 τὸ
522 2500 737 2564 δικάιωμα
752 2507 930 2564 opponit
945 2506 1182 2563 Apostolus
1197 2523 1238 2549 v.
1258 2510 1325 2561 18,
1348 2513 1392 2551 et
1412 2501 1472 2564 τῷ
1494 2499 1672 2564 κρίματι

76 2596 165 2625 non
185 2581 321 2624 solum
340 2572 391 2622 τδ
415 2573 596 2639 δώρημα,
629 2583 705 2626 sed
733 2582 863 2626 etiam
883 2572 934 2621 τὸ
955 2574 1154 2639 χάρισμα
1175 2582 1366 2639 opponit.
1425 2582 1499 2625 Ex
1518 2582 1674 2639 quibus

77 2655 262 2713 intelligi
281 2662 438 2712 potest,
458 2673 589 2700 unam
611 2657 774 2702 Christi
796 2657 1024 2713 justitiam,
1056 2672 1166 2712 quae
1187 2664 1232 2699 et
1252 2656 1497 2700 obedientia
1517 2657 1677 2700 dieitur

78 2745 215 2786 usque
235 2729 290 2772 ad
309 2736 492 2774 mortem
521 2731 658 2776 crucis
684 2732 741 2775 ad
761 2731 875 2774 Phil.
896 2731 954 2786 ii.‚
976 2731 1070 2774 istis
1091 2732 1288 2775 omnibus
1318 2730 1675 2789 appellationibus

80 2804 250 2848 diversa
268 2803 433 2848 ratione
453 2804 676 2862 insigniri3
705 2813 756 2849 ut
783 2805 966 2850 sciamus
988 2806 1278 2849 exundantem
1298 2806 1383 2849 Dei
1403 2805 1600 2863 gratiam,
1632 2811 1678 2848 et

83 2878 388 2923 exuberantem
423 2879 638 2936 gratuitae
678 2880 722 2922 in
757 2879 931 2924 Christo
960 2880 1157 2936 justitiae
1192 2880 1293 2935 vim,
1329 2880 1452 2923 nobis
1486 2895 1513 2922 a
1546 2879 1678 2922 Patre

836 2957 860 2996 2
883 2967 913 2995 F
