1887 3188
179 194 265 235 404
806 198 986 229 CAP1T1s
1008 199 1145 228 PRIMI

177 321 441 381 prophetiae,
463 327 560 378 post
581 320 711 363 verba
731 319 802 361 illa
824 321 849 344 “
862 319 894 362 J
898 326 1019 361 ustus
1041 335 1093 362 ex
1109 319 1193 361 fide
1215 335 1291 361 sua
1306 319 1461 373 vivet,''
1483 317 1565 361 nisi
1579 318 1693 375 quod
1710 332 1776 361 or-

183 398 327 441 dinem
347 397 391 438 in
413 395 641 439 sceleribus
662 394 934 437 numerandis
955 394 1141 436 invertat
1168 394 1402 449 Apostolus
1427 394 1572 436 divina
1592 394 1776 449 quadam

183 471 425 530 prudentia,
446 486 544 512 nam
565 470 772 526 propheta
802 468 937 524 primo
969 468 1022 510 de
1053 468 1283 510 ambitione
1314 475 1358 511 et
1389 468 1597 524 superbia,
1629 470 1690 510 20.
1722 467 1776 508 de

181 546 417 603 rapacitate
439 553 483 588 et
504 544 695 596 avaritia,
718 546 779 586 30.
802 543 855 584 de
886 542 1066 584 divitate
1082 543 1102 564 '⁷¹‘
1130 549 1173 584 et
1203 543 1472 596 truculentia,
1503 544 1566 584 40.
1598 542 1651 584 (le
1671 541 1778 583 luxu

186 621 403 678 probroso,
441 626 484 662 et
519 618 690 660 nefariis
724 616 972 658 libidinibus
1008 631 1057 658 ac
1089 617 1263 658 tandem
1295 617 1446 659 ultimo
1480 617 1573 659 loco
1608 616 1662 658 de
1701 615 1780 657 im-

187 696 350 752 pietate
384 700 428 736 et
457 691 736 744 Idolomania,
767 690 930 745 judicia
963 689 1190 732 sceleribus
1223 691 1401 746 analoga
1435 691 1608 747 tragicis
1640 689 1781 733 verbis

190 783 480 825 exaggerans:
512 765 746 821 Apostolus
776 779 878 806 vero
911 763 964 805 ab
999 763 1233 819 impietate,
1263 770 1306 805 et
1336 763 1546 819 injustitia
1574 764 1618 805 in
1638 763 1782 806 Deum

191 844 281 887 sive
301 840 508 884 Idolatria
538 854 725 892 eXOrSUS,
754 838 854 880 inde
880 838 999 880 velut
1021 853 1043 880 e
1065 837 1182 880 fonte
1202 837 1374 891 rivulos,
1396 838 1465 880 vel
1484 837 1626 893 potius
1648 852 1671 879 e
1691 852 1786 880 sen-

191 918 283 961 tina
318 917 476 970 sordes,
509 914 697 958 omnium
730 912 989 968 flagitiorum
1014 919 1058 954 et
1091 912 1297 954 scelerum
1326 912 1559 954 secundum
1579 911 1786 954 ultionem

194 991 383 1034 divinam
410 997 613 1044 tanquam
636 978 910 1042 ἀντιμισθίαν
932 985 1119 1039 deducit,
1142 985 1355 1028 distinctis
1375 986 1576 1042 gradibus
1600 991 1690 1027 tam
1709 984 1789 1026 im-

195 1065 369 1123 pietatis
390 1064 435 1106 in
455 1064 612 1116 Deum,
635 1078 762 1118 quam
783 1061 1018 1104 facinorum
1038 1060 1138 1102 inde
1160 1060 1468 1116 emergentium
1491 1075 1544 1102 ex
1564 1060 1683 1115 justo
1703 1058 1791 1101 Dei

193 1140 368 1197 judicio,
390 1145 440 1181 ut
459 1137 618 1194 triplici
638 1137 682 1178 in
702 1136 847 1178 Deum
868 1135 1017 1190 culpae
1047 1135 1203 1190 triplex
1223 1134 1267 1175 in
1298 1134 1490 1176 homines
1521 1149 1658 1189 paena
1686 1132 1791 1175 irro-

197 1222 325 1272 getur
345 1213 535 1270 analoga,
558 1218 607 1254 ut
628 1226 755 1267 supra
776 1210 939 1252 dictum
960 1216 1025 1251 est
1046 1209 1089 1249 in
1102 1209 1229 1263 hujus
1249 1208 1331 1251 loci
1352 1208 1659 1264 explicatione3
1681 1221 1791 1262 quae

199 1288 342 1333 omnia
361 1303 447 1330 non
467 1287 607 1328 minus
638 1285 691 1326 ab
712 1284 921 1340 Apostolo
953 1283 1127 1339 tragice,
1150 1298 1277 1338 quam
1307 1298 1332 1324 a
1352 1282 1569 1338 Propheta
1589 1296 1794 1338 exagger-

201 1370 340 1415 antur,
353 1369 404 1404 ut
423 1360 652 1415 utrobique
672 1359 799 1401 liceat
820 1358 964 1400 videre
985 1357 1196 1412 picturam
1211 1357 1393 1399 hominis
1416 1364 1537 1399 extra
1551 1356 1732 1412 gratiam
1747 1355 1794 1397 in

204 1437 378 1482 Christo
414 1435 584 1492 egregie
617 1433 843 1489 depictam,
873 1447 922 1474 ac
957 1431 1140 1473 maxime
1172 1431 1364 1487 gentium
1397 1431 1681 1487 profanarum.
1738 1428 1794 1472 In

203 1527 368 1556 summa
383 1507 716 1566 praedictionem
736 1505 1028 1562 propheticam
1049 1505 1299 1561 Apostolica
1320 1505 1529 1548 enarratio
1549 1505 1797 1548 luculentis-

203 1587 309 1630 sime
329 1586 528 1636 illustrat,
549 1597 635 1624 non
654 1581 862 1637 perullam
883 1579 1217 1635 occupationem,
1240 1579 1477 1634 cujusmodi
1505 1579 1575 1622 hic
1604 1579 1798 1622 nonnulli

205 1660 595 1711 comminiscuntur,
628 1657 703 1698 sed
733 1653 1098 1700 confirmationem
1129 1654 1243 1708 ejus3
1276 1654 1390 1709 quod
1421 1653 1685 1710 propositum
1714 1653 1798 1696 fuit

206 1736 260 1779 ab
280 1734 490 1791 Apostolo
512 1733 565 1774 de
585 1729 814 1786 Evangelii
845 1728 1031 1771 efficacia
1062 1728 1117 1770 ad
1146 1743 1290 1770 veram
1311 1728 1491 1770 salutem
1513 1743 1565 1770 ex
1585 1743 1686 1770 vera
1708 1728 1800 1783 jus-

205 1809 304 1853 titia
317 1805 735 1852 subministrandam.
793 1803 865 1845 Ex
881 1803 1035 1858 quibus
1050 1803 1245 1845 omnibus
1257 1802 1420 1858 liquido
1435 1808 1629 1845 constare
1641 1808 1798 1858 potest,

207 1884 322 1941 quod
341 1883 498 1926 Petrus
529 1881 583 1923 de
611 1879 713 1921 fidei
743 1884 913 1921 nostrae
939 1877 1037 1931 fine,
1059 1878 1126 1919 i.e.
1149 1877 1284 1919 salute
1315 1877 1562 1930 animarum,
1594 1877 1800 1933 scriptum

209 1957 395 2011 reliquit,
419 1958 457 1997 1.
479 1954 599 2010 Epis.
624 1954 652 1995 i.
675 1953 744 1995 10.
775 1944 864 2008 περὶ
887 1943 934 1998 ἧς
957 1943 1155 2007 σωτηρίας
1179 1944 1427 2005 ἐξεζήτησαν,
1452 1942 1531 1990 καὶ
1553 1942 1800 2008 ἐξεςέυνησαν

212 2027 437 2087 προφῆται,
461 2022 494 2068 ὁι
520 2019 607 2084 περὶ
630 2024 704 2074 γῆς
723 2020 776 2072 ἐις
800 2019 914 2082 ὑμᾶς
931 2019 1104 2082 χάξιτος
1123 2018 1473 2082 προφητεύσαντες
1496 2033 1578 2068 etc.
1606 2032 1650 2068 et
1669 2041 1711 2068 v.
1734 2027 1803 2067 123

217 2097 300 2150 Οἷς
323 2095 613 2155 ἀπεκαλὺφθη,
644 2093 706 2141 ὅτι
742 2093 824 2154 ὀυχ
853 2094 1028 2149 ἑαυτοῖς,
1064 2095 1157 2156 ἡμῖν
1192 2093 1232 2141 δὲ
1265 2092 1471 2148 διηκόνουν
1504 2090 1638 2148 αυτοὶ,
1671 2090 1706 2138 οἵ
1739 2095 1803 2138 νῦν

189 2231 191 2237 ‚
214 2171 423 2234 ἀνηγγέλη
448 2170 556 2234 ὑμῖν,
584 2168 669 2226 διοὶ,
694 2185 775 2220 etc.

272 2254 478 2310 Sequitur
497 2253 630 2295 altera
656 2251 864 2308 probatio,
896 2251 1016 2306 cujus
1046 2250 1302 2307 principium
1331 2255 1397 2292 est
1426 2264 1452 2291 a
1479 2247 1668 2303 reliquiis
1697 2246 1804 2290 lucis

213 2328 421 2372 naturalis
449 2327 652 2384 pristinae
684 2326 882 2382 petitum,
910 2325 1110 2367 nimirum
1140 2341 1166 2367 a
1193 2324 1280 2367 Dei
1307 2329 1461 2365 natura
1491 2320 1805 2379 sapientissimi,

213 2402 500 2461 potentissimi
519 2417 568 2444 ac
582 2400 810 2457 justissimi
828 2407 878 2442 ut
899 2400 1020 2455 cujus
1039 2398 1342 2456 perspicaciam
1360 2396 1468 2438 nihil
1485 2396 1620 2440 latere
1646 2401 1805 2453 potest,

217 2476 492 2534 quantumvis
512 2475 740 2529 occultum,
762 2475 878 2530 quod
903 2489 990 2517 non
1020 2473 1189 2517 videat:
1220 2472 1340 2527 cujus
1360 2487 1510 2514 manus
1543 2471 1614 2528 (ut
1641 2470 1688 2513 in
1709 2485 1807 2528 pro—

217 2550 364 2595 verbio
377 2555 443 2593 est
455 2551 509 2593 de
521 2549 734 2607 Regibus)
749 2550 855 2591 adeo
869 2548 1023 2604 longae
1039 2553 1151 2601 sunt,
1164 2553 1214 2589 ut
1228 2561 1298 2589 eas
1311 2546 1498 2603 effugere
1509 2561 1634 2589 nemo
1646 2544 1806 2602 possit3

217 2625 338 2681 quus
367 2623 538 2680 justitia
567 2629 702 2676 tanta,
737 2629 788 2664 ut
821 2622 986 2664 nullum
1020 2627 1244 2677 peccatum
1273 2620 1486 2677 relinquat
1519 2619 1805 2677 impunitum;

217 2699 339 2755 cujus
368 2696 553 2753 denique
580 2687 950 2753 ἀπροσωποληψιά
970 2709 1109 2750 neque
1128 2695 1310 2752 generis,
1330 2710 1469 2751 neque
1492 2680 1648 2752 gentis,
1667 2709 1807 2750 neque

218 2767 423 2830 personae
443 2771 582 2826 ullius,
604 2786 713 2827 quae
733 2770 777 2812 in
799 2769 986 2813 externis
1005 2769 1145 2825 posita
1161 2776 1238 2824 est,
1259 2770 1393 2813 ullum
1408 2775 1648 2826 respectum
1662 2767 1806 2812 habet}

843 2852 861 2871 *
877 2851 958 2893 [Qu.
975 2849 1183 2893 devitatione]
