1887 3188
188 231 273 272 390
669 241 1004 271 ARGUMENTUM
1024 240 1298 271 EPISTOLAE.

187 359 442 416 inaequales,
459 360 529 403 vel
543 359 785 414 autoritate,
802 361 871 414 vel
890 360 975 403 fide
991 376 1002 411 3
1034 359 1218 416 denique
1234 361 1286 403 de
1308 361 1497 403 omnium
1513 376 1614 417 erga
1629 374 1775 403 omnes

185 435 406 478 charitatis
426 434 577 478 officio.

247 509 453 565 Sequitur
469 509 671 566 epistolae
687 525 783 566 pars
800 510 928 552 tertia
947 516 1076 565 atque
1097 510 1258 564 ultima,
1281 526 1407 565 quam
1429 500 1674 566 ἐπιγραφὴν,
1701 515 1776 552 aut

191 575 398 637 ἐπίλογον
414 584 612 626 diximus.
663 584 730 626 Ea
749 585 904 640 partim
926 584 1210 639 excusatione,
1232 585 1386 640 partim
1403 585 1656 627 salutatione
1677 599 1778 628 con-

190 664 290 711 stat,
312 674 337 700 a
360 660 484 700 141110
505 674 545 700 v.
569 658 683 701 15mi
703 673 808 713 cap,
830 659 885 699 ad
905 658 1032 700 finem
1055 658 1169 701 lssmi
1189 674 1280 714 cap.
1349 659 1584 701 Excusatio
1604 659 1776 714 duplex,

189 732 324 775 altera
357 732 566 774 libertatis
601 732 646 772 in
681 732 916 786 scribendo,
953 733 1086 775 altera
1121 732 1242 775 dilati
1276 734 1485 777 adventus
1502 749 1513 783 3
1553 734 1775 788 utriusque

190 821 358 849 causam
376 805 578 848 transfert
593 806 638 847 in
654 806 951 849 necessitatem
971 807 1157 849 muneris
1178 807 1397 863 apostolici
1413 808 1532 862 cujus
1549 807 1778 850 efficaciam

189 879 607 936 magnificentissime
622 881 852 935 praedicat,
875 881 1087 936 pollicitus
1102 881 1222 924 brevi
1239 897 1282 924 se
1298 881 1513 924 Romanos
1529 881 1776 935 invisurum,

189 953 405 1010 requisitis
435 955 490 996 ad
518 953 599 996 hoc
630 969 775 996 eorum
809 955 1018 1010 precibus.
1095 955 1306 998 Salutat-io
1337 955 1507 1011 dupleX,
1538 970 1624 997 una
1658 955 1780 1011 quasi

186 1028 422 1082 humanior,
445 1028 578 1071 altera
607 1028 868 1084 religiosior:
905 1029 1214 1072 Humaniorem
1236 1045 1341 1072 voco
1363 1029 1673 1083 salutationem,
1695 1044 1780 1084 qua

188 1110 326 1146 certas
341 1117 541 1158 personas
558 1104 840 1157 commendat,
858 1104 1195 1146 commemoratis
1213 1120 1356 1146 earum
1373 1103 1616 1157 virtutibus,
1638 1103 1693 1145 ad
1709 1118 1779 1145 eas

187 1183 333 1220 sancte
354 1177 422 1220 vel
453 1176 737 1232 excipiendas,
763 1177 831 1219 vel
861 1177 1100 1231 imitandas,
1130 1177 1283 1233 quibus
1313 1177 1490 1233 opponit
1510 1177 1779 1220 dissidiorum

188 1258 358 1294 autores
375 1251 463 1294 sive
480 1243 870 1307 ἑτεξοδιδασκάλους
883 1253 997 1295 omni
1017 1253 1159 1295 studio
1174 1253 1410 1310 fugiendos.
1460 1251 1535 1293 Ad
1549 1251 1629 1294 hoc
1644 1266 1780 1308 genus

188 1325 454 1368 salutationis
475 1333 671 1381 spectant
700 1327 872 1369 nomina
899 1328 988 1370 sive
1018 1327 1063 1368 in
1089 1343 1246 1384 genere
1276 1327 1464 1369 omnium
1495 1326 1778 1379 ecclesiarum,

186 1400 277 1442 sive
296 1399 342 1440 in
361 1406 483 1456 parte
503 1400 767 1456 singulorum
785 1401 1017 1455 hominum,
1049 1401 1122 1457 qui
1146 1408 1351 1457 tanquam
1379 1407 1511 1443 testes
1541 1400 1640 1443 huic
1654 1446 1658 1447 ⁷
1671 1400 1781 1457 epis-

189 1473 302 1517 tolae
322 1473 444 1529 quasi
464 1474 748 1529 subscribunt,
770 1475 825 1517 ad
845 1475 1070 1518 veritatem
1091 1475 1372 1518 communiter
1392 1474 1716 1531 obsignandum.

247 1547 460 1592 Salutatio
480 1548 727 1604 religiosior,
752 1556 827 1591 aut
848 1549 884 1592 si
902 1549 1043 1605 placet
1062 1549 1302 1603 valedictio,
1323 1549 1462 1605 posita
1483 1556 1549 1600 est
1567 1549 1612 1590 in
1633 1556 1780 1592 sancta

185 1622 429 1678 precatione
449 1638 535 1664 una
559 1629 689 1678 atque
709 1623 855 1677 altera,
884 1639 969 1679 qua
996 1623 1083 1666 Dei
1111 1623 1274 1680 gratiae
1294 1623 1339 1664 in
1361 1622 1534 1666 Christo
1563 1623 1780 1666 Romanos

188 1696 472 1751 commendat,
493 1712 542 1740 ac
563 1697 692 1740 tertia
712 1697 834 1753 quasi
858 1697 1110 1754 operosiore,
1131 1697 1335 1754 mysterio
1355 1697 1584 1754 Evangelii
1610 1699 1696 1741 alte
1715 1712 1781 1741 re-

185 1770 335 1827 petito,
357 1786 442 1827 qua
462 1770 684 1828 epistolam
703 1771 877 1814 claudit.
