<?xml version="1.0" encoding="UTF-8"?>
<!DOCTYPE html PUBLIC "-//W3C//DTD XHTML 1.0 Transitional//EN"
    "http://www.w3.org/TR/xhtml1/DTD/xhtml1-transitional.dtd">
<html xmlns="http://www.w3.org/1999/xhtml" xml:lang="en" lang="en">
 <head>
  <title>
</title>
<meta http-equiv="Content-Type" content="text/html;charset=utf-8" />
  <meta name='ocr-system' content='tesseract 3.04.00' />
  <meta name='ocr-capabilities' content='ocr_page ocr_carea ocr_par ocr_line ocrx_word'/>
</head>
<body>
  <div class='ocr_page' id='page_1' title='image "./logicalanalysiso00ferm_0535.png"; bbox 0 0 1887 3188; ppageno 0'>
   <div class='ocr_carea' id='block_1_1' title="bbox 793 169 1733 211">
    <p class='ocr_par' dir='ltr' id='par_1_1' title="bbox 793 169 1733 211">
     <span class='ocr_line' id='line_1_1' title="bbox 793 169 1733 211; baseline 0 -2"><span class='ocrx_word' id='word_1_1' title='bbox 793 180 895 210; x_wconf 82' lang='lat' dir='ltr'><strong>GAP.</strong></span> <span class='ocrx_word' id='word_1_2' title='bbox 918 180 1003 210; x_wconf 76' lang='grc' dir='ltr'>ΧΠ.</span> <span class='ocrx_word' id='word_1_3' title='bbox 1027 172 1066 211; x_wconf 82' lang='lat'>3.</span> <span class='ocrx_word' id='word_1_4' title='bbox 1651 169 1733 211; x_wconf 84' lang='lat'>491</span> 
     </span>
    </p>
   </div>
   <div class='ocr_carea' id='block_1_2' title="bbox 101 299 1741 2887">
    <p class='ocr_par' dir='ltr' id='par_1_2' title="bbox 101 299 1741 2887">
     <span class='ocr_line' id='line_1_2' title="bbox 136 299 1736 355; baseline -0.002 -11"><span class='ocrx_word' id='word_1_5' title='bbox 136 308 208 344; x_wconf 90' lang='lat' dir='ltr'>tur</span> <span class='ocrx_word' id='word_1_6' title='bbox 228 300 314 343; x_wconf 90' lang='lat' dir='ltr'>Dei</span> <span class='ocrx_word' id='word_1_7' title='bbox 334 301 532 343; x_wconf 89' lang='lat' dir='ltr'>voluntas</span> <span class='ocrx_word' id='word_1_8' title='bbox 553 299 610 342; x_wconf 87' lang='lat' dir='ltr'>sit</span> <span class='ocrx_word' id='word_1_9' title='bbox 630 299 766 341; x_wconf 90' lang='lat' dir='ltr'>instar</span> <span class='ocrx_word' id='word_1_10' title='bbox 786 299 1022 355; x_wconf 81' lang='lat' dir='ltr'><strong>archetypi,</strong></span> <span class='ocrx_word' id='word_1_11' title='bbox 1039 300 1083 341; x_wconf 89' lang='lat' dir='ltr'>in</span> <span class='ocrx_word' id='word_1_12' title='bbox 1105 315 1232 354; x_wconf 86' lang='lat' dir='ltr'>quem</span> <span class='ocrx_word' id='word_1_13' title='bbox 1253 315 1330 342; x_wconf 92' lang='lat' dir='ltr'>nos</span> <span class='ocrx_word' id='word_1_14' title='bbox 1352 299 1473 355; x_wconf 83' lang='lat' dir='ltr'>quasi</span> <span class='ocrx_word' id='word_1_15' title='bbox 1493 299 1670 342; x_wconf 81' lang='lat' dir='ltr'>immissi</span> <span class='ocrx_word' id='word_1_16' title='bbox 1692 306 1736 342; x_wconf 91' lang='lat' dir='ltr'>et</span> 
     </span>
     <span class='ocr_line' id='line_1_3' title="bbox 136 373 1737 430; baseline -0.001 -12"><span class='ocrx_word' id='word_1_17' title='bbox 136 375 297 428; x_wconf 85' lang='lat' dir='ltr'>traditi,</span> <span class='ocrx_word' id='word_1_18' title='bbox 319 383 369 417; x_wconf 91' lang='lat' dir='ltr'>ut</span> <span class='ocrx_word' id='word_1_19' title='bbox 390 390 482 430; x_wconf 89' lang='lat' dir='ltr'>cap.</span> <span class='ocrx_word' id='word_1_20' title='bbox 504 374 560 416; x_wconf 84' lang='lat' dir='ltr'>vi.</span> <span class='ocrx_word' id='word_1_21' title='bbox 583 380 648 416; x_wconf 87' lang='lat' dir='ltr'>est</span> <span class='ocrx_word' id='word_1_22' title='bbox 669 373 851 426; x_wconf 89' lang='lat' dir='ltr'>locutus,</span> <span class='ocrx_word' id='word_1_23' title='bbox 884 373 923 415; x_wconf 92' lang='lat' dir='ltr'>ei</span> <span class='ocrx_word' id='word_1_24' title='bbox 951 374 1276 427; x_wconf 82' lang='lat' dir='ltr'>conformemur,</span> <span class='ocrx_word' id='word_1_25' title='bbox 1298 380 1348 416; x_wconf 92' lang='lat' dir='ltr'>ut</span> <span class='ocrx_word' id='word_1_26' title='bbox 1368 380 1516 416; x_wconf 88' lang='lat' dir='ltr'>nostra</span> <span class='ocrx_word' id='word_1_27' title='bbox 1539 373 1737 416; x_wconf 90' lang='lat' dir='ltr'>voluntas</span> 
     </span>
     <span class='ocr_line' id='line_1_4' title="bbox 135 441 1737 504; baseline -0.001 -14"><span class='ocrx_word' id='word_1_28' title='bbox 135 449 192 491; x_wconf 85' lang='lat' dir='ltr'>sit</span> <span class='ocrx_word' id='word_1_29' title='bbox 213 441 406 502; x_wconf 73' lang='grc' dir='ltr'>ἔκτυπος,</span> <span class='ocrx_word' id='word_1_30' title='bbox 428 449 456 490; x_wconf 88' lang='lat' dir='ltr'>i.</span> <span class='ocrx_word' id='word_1_31' title='bbox 477 463 511 491; x_wconf 92' lang='lat' dir='ltr'>e.</span> <span class='ocrx_word' id='word_1_32' title='bbox 534 448 740 504; x_wconf 89' lang='lat' dir='ltr'>impressa</span> <span class='ocrx_word' id='word_1_33' title='bbox 761 455 804 491; x_wconf 91' lang='lat' dir='ltr'>et</span> <span class='ocrx_word' id='word_1_34' title='bbox 824 448 1054 491; x_wconf 87' lang='lat' dir='ltr'>informata</span> <span class='ocrx_word' id='word_1_35' title='bbox 1074 447 1127 489; x_wconf 87' lang='lat' dir='ltr'>ab</span> <span class='ocrx_word' id='word_1_36' title='bbox 1148 447 1232 500; x_wconf 90' lang='lat' dir='ltr'>illa,</span> <span class='ocrx_word' id='word_1_37' title='bbox 1254 454 1305 489; x_wconf 94' lang='lat' dir='ltr'>ut</span> <span class='ocrx_word' id='word_1_38' title='bbox 1326 448 1382 489; x_wconf 88' lang='lat' dir='ltr'>sit</span> <span class='ocrx_word' id='word_1_39' title='bbox 1402 448 1525 500; x_wconf 87' lang='lat' dir='ltr'>bona,</span> <span class='ocrx_word' id='word_1_40' title='bbox 1548 456 1737 503; x_wconf 85' lang='lat' dir='ltr'>accepta,</span> 
     </span>
     <span class='ocr_line' id='line_1_5' title="bbox 135 521 1737 579; baseline -0.001 -13"><span class='ocrx_word' id='word_1_41' title='bbox 135 538 186 566; x_wconf 88' lang='lat' dir='ltr'>ac</span> <span class='ocrx_word' id='word_1_42' title='bbox 214 523 417 579; x_wconf 89' lang='lat' dir='ltr'>perfecta,</span> <span class='ocrx_word' id='word_1_43' title='bbox 449 529 494 565; x_wconf 90' lang='lat' dir='ltr'>et</span> <span class='ocrx_word' id='word_1_44' title='bbox 522 523 666 565; x_wconf 87' lang='lat' dir='ltr'>studio</span> <span class='ocrx_word' id='word_1_45' title='bbox 699 523 882 565; x_wconf 88' lang='lat' dir='ltr'>ducatur</span> <span class='ocrx_word' id='word_1_46' title='bbox 911 522 1037 578; x_wconf 85' lang='lat' dir='ltr'>hujus</span> <span class='ocrx_word' id='word_1_47' title='bbox 1067 521 1283 578; x_wconf 76' lang='lat' dir='ltr'>perfectae</span> <span class='ocrx_word' id='word_1_48' title='bbox 1314 521 1532 574; x_wconf 90' lang='lat' dir='ltr'>bonitatis,</span> <span class='ocrx_word' id='word_1_49' title='bbox 1564 528 1614 564; x_wconf 92' lang='lat' dir='ltr'>ut</span> <span class='ocrx_word' id='word_1_50' title='bbox 1641 522 1737 565; x_wconf 93' lang='lat' dir='ltr'>Deo</span> 
     </span>
     <span class='ocr_line' id='line_1_6' title="bbox 134 596 1738 654; baseline -0.001 -15"><span class='ocrx_word' id='word_1_51' title='bbox 134 604 260 653; x_wconf 86' lang='lat' dir='ltr'>grata</span> <span class='ocrx_word' id='word_1_52' title='bbox 279 597 348 640; x_wconf 89' lang='lat' dir='ltr'>sit.</span> <span class='ocrx_word' id='word_1_53' title='bbox 411 597 531 650; x_wconf 75' lang='lat' dir='ltr'>Quid</span> <span class='ocrx_word' id='word_1_54' title='bbox 552 597 667 639; x_wconf 92' lang='lat' dir='ltr'>enim</span> <span class='ocrx_word' id='word_1_55' title='bbox 686 597 784 639; x_wconf 91' lang='lat' dir='ltr'>Deo</span> <span class='ocrx_word' id='word_1_56' title='bbox 804 604 977 654; x_wconf 87' lang='lat' dir='ltr'>gratum</span> <span class='ocrx_word' id='word_1_57' title='bbox 998 612 1090 640; x_wconf 89' lang='lat' dir='ltr'>esse</span> <span class='ocrx_word' id='word_1_58' title='bbox 1117 602 1275 652; x_wconf 86' lang='lat' dir='ltr'>potest,</span> <span class='ocrx_word' id='word_1_59' title='bbox 1306 596 1423 651; x_wconf 90' lang='lat' dir='ltr'>quod</span> <span class='ocrx_word' id='word_1_60' title='bbox 1444 611 1542 638; x_wconf 91' lang='lat' dir='ltr'>cum</span> <span class='ocrx_word' id='word_1_61' title='bbox 1567 611 1644 638; x_wconf 91' lang='lat' dir='ltr'>sua</span> <span class='ocrx_word' id='word_1_62' title='bbox 1663 611 1738 638; x_wconf 89' lang='lat' dir='ltr'>vo-</span> 
     </span>
     <span class='ocr_line' id='line_1_7' title="bbox 134 669 1737 728; baseline 0 -15"><span class='ocrx_word' id='word_1_63' title='bbox 134 671 302 714; x_wconf 85' lang='lat' dir='ltr'>luntate</span> <span class='ocrx_word' id='word_1_64' title='bbox 331 672 533 728; x_wconf 81' lang='lat' dir='ltr'>pugnat?</span> <span class='ocrx_word' id='word_1_65' title='bbox 581 671 644 714; x_wconf 88' lang='lat' dir='ltr'>Et</span> <span class='ocrx_word' id='word_1_66' title='bbox 664 686 774 727; x_wconf 88' lang='lat' dir='ltr'>quae</span> <span class='ocrx_word' id='word_1_67' title='bbox 799 671 997 714; x_wconf 86' lang='lat' dir='ltr'>voluntas</span> <span class='ocrx_word' id='word_1_68' title='bbox 1028 686 1114 713; x_wconf 91' lang='lat' dir='ltr'>non</span> <span class='ocrx_word' id='word_1_69' title='bbox 1143 677 1268 727; x_wconf 88' lang='lat' dir='ltr'>grata</span> <span class='ocrx_word' id='word_1_70' title='bbox 1292 670 1402 723; x_wconf 89' lang='lat' dir='ltr'>Deo,</span> <span class='ocrx_word' id='word_1_71' title='bbox 1424 685 1535 725; x_wconf 88' lang='lat' dir='ltr'>quae</span> <span class='ocrx_word' id='word_1_72' title='bbox 1565 669 1737 713; x_wconf 87' lang='lat' dir='ltr'>divinae</span> 
     </span>
     <span class='ocr_line' id='line_1_8' title="bbox 135 744 1739 802; baseline -0.001 -14"><span class='ocrx_word' id='word_1_73' title='bbox 135 746 348 788; x_wconf 86' lang='lat' dir='ltr'>voluntati</span> <span class='ocrx_word' id='word_1_74' title='bbox 369 746 595 789; x_wconf 87' lang='lat' dir='ltr'>conformis</span> <span class='ocrx_word' id='word_1_75' title='bbox 617 747 716 788; x_wconf 85' lang='lat' dir='ltr'>est?</span> <span class='ocrx_word' id='word_1_76' title='bbox 758 746 906 802; x_wconf 88' lang='lat' dir='ltr'>Atque</span> <span class='ocrx_word' id='word_1_77' title='bbox 927 746 1032 788; x_wconf 88' lang='lat' dir='ltr'>haec</span> <span class='ocrx_word' id='word_1_78' title='bbox 1054 752 1120 788; x_wconf 84' lang='lat' dir='ltr'>est</span> <span class='ocrx_word' id='word_1_79' title='bbox 1140 745 1212 787; x_wconf 78' lang='lat' dir='ltr'>illa</span> <span class='ocrx_word' id='word_1_80' title='bbox 1232 751 1403 788; x_wconf 85' lang='lat' dir='ltr'>nostrae</span> <span class='ocrx_word' id='word_1_81' title='bbox 1424 744 1561 787; x_wconf 90' lang='lat' dir='ltr'>omnis</span> <span class='ocrx_word' id='word_1_82' title='bbox 1582 745 1739 788; x_wconf 85' lang='lat' dir='ltr'>sancti-</span> 
     </span>
     <span class='ocr_line' id='line_1_9' title="bbox 135 820 1739 876; baseline 0 -14"><span class='ocrx_word' id='word_1_83' title='bbox 135 821 345 863; x_wconf 89' lang='lat' dir='ltr'>ficationis</span> <span class='ocrx_word' id='word_1_84' title='bbox 377 827 422 863; x_wconf 91' lang='lat' dir='ltr'>et</span> <span class='ocrx_word' id='word_1_85' title='bbox 451 820 769 873; x_wconf 80' lang='lat' dir='ltr'>sanctimoniae,</span> <span class='ocrx_word' id='word_1_86' title='bbox 795 827 846 863; x_wconf 91' lang='lat' dir='ltr'>ut</span> <span class='ocrx_word' id='word_1_87' title='bbox 876 820 978 874; x_wconf 83' lang='lat' dir='ltr'>dixi,</span> <span class='ocrx_word' id='word_1_88' title='bbox 1006 820 1156 876; x_wconf 87' lang='lat' dir='ltr'>regula</span> <span class='ocrx_word' id='word_1_89' title='bbox 1186 826 1229 862; x_wconf 90' lang='lat' dir='ltr'>et</span> <span class='ocrx_word' id='word_1_90' title='bbox 1260 835 1408 862; x_wconf 91' lang='lat' dir='ltr'>norma</span> <span class='ocrx_word' id='word_1_91' title='bbox 1424 836 1434 869; x_wconf 88' lang='lat'><em>3</em></span> <span class='ocrx_word' id='word_1_92' title='bbox 1468 835 1576 874; x_wconf 86' lang='lat' dir='ltr'>quae</span> <span class='ocrx_word' id='word_1_93' title='bbox 1597 820 1739 874; x_wconf 86' lang='lat' dir='ltr'>cujus-</span> 
     </span>
     <span class='ocr_line' id='line_1_10' title="bbox 136 894 1738 952; baseline 0.001 -16"><span class='ocrx_word' id='word_1_94' title='bbox 136 895 252 937; x_wconf 88' lang='lat' dir='ltr'>modi</span> <span class='ocrx_word' id='word_1_95' title='bbox 274 895 343 948; x_wconf 88' lang='lat' dir='ltr'>sit,</span> <span class='ocrx_word' id='word_1_96' title='bbox 374 910 428 937; x_wconf 92' lang='lat' dir='ltr'>ne</span> <span class='ocrx_word' id='word_1_97' title='bbox 454 910 548 937; x_wconf 91' lang='lat' dir='ltr'>eam</span> <span class='ocrx_word' id='word_1_98' title='bbox 568 895 825 952; x_wconf 84' lang='lat' dir='ltr'>ignoremus,</span> <span class='ocrx_word' id='word_1_99' title='bbox 857 895 1050 949; x_wconf 87' lang='lat' dir='ltr'>subjecta</span> <span class='ocrx_word' id='word_1_100' title='bbox 1070 894 1234 936; x_wconf 88' lang='lat' dir='ltr'>ratione</span> <span class='ocrx_word' id='word_1_101' title='bbox 1256 894 1395 947; x_wconf 88' lang='lat' dir='ltr'>docet,</span> <span class='ocrx_word' id='word_1_102' title='bbox 1417 909 1546 949; x_wconf 88' lang='lat' dir='ltr'>quam</span> <span class='ocrx_word' id='word_1_103' title='bbox 1566 894 1652 937; x_wconf 88' lang='lat' dir='ltr'>alte</span> <span class='ocrx_word' id='word_1_104' title='bbox 1673 909 1738 937; x_wconf 89' lang='lat' dir='ltr'>re-</span> 
     </span>
     <span class='ocr_line' id='line_1_11' title="bbox 136 968 1736 1025; baseline -0.001 -13"><span class='ocrx_word' id='word_1_105' title='bbox 136 969 247 1025; x_wconf 84' lang='lat' dir='ltr'>petit</span> <span class='ocrx_word' id='word_1_106' title='bbox 268 969 322 1011; x_wconf 90' lang='lat' dir='ltr'>ab</span> <span class='ocrx_word' id='word_1_107' title='bbox 343 969 587 1023; x_wconf 76' lang='lat' dir='ltr'>autoritate,</span> <span class='ocrx_word' id='word_1_108' title='bbox 619 976 664 1012; x_wconf 92' lang='lat' dir='ltr'>et</span> <span class='ocrx_word' id='word_1_109' title='bbox 688 976 924 1025; x_wconf 87' lang='lat' dir='ltr'>protestate</span> <span class='ocrx_word' id='word_1_110' title='bbox 945 969 1031 1011; x_wconf 90' lang='lat' dir='ltr'>Dei</span> <span class='ocrx_word' id='word_1_111' title='bbox 1051 969 1096 1010; x_wconf 91' lang='lat' dir='ltr'>in</span> <span class='ocrx_word' id='word_1_112' title='bbox 1119 968 1292 1011; x_wconf 85' lang='lat' dir='ltr'>Christo</span> <span class='ocrx_word' id='word_1_113' title='bbox 1316 968 1584 1024; x_wconf 81' lang='lat' dir='ltr'>legislatoris,</span> <span class='ocrx_word' id='word_1_114' title='bbox 1615 969 1736 1024; x_wconf 88' lang='lat' dir='ltr'>cujus</span> 
     </span>
     <span class='ocr_line' id='line_1_12' title="bbox 136 1043 1738 1100; baseline 0 -14"><span class='ocrx_word' id='word_1_115' title='bbox 136 1044 227 1100; x_wconf 88' lang='lat' dir='ltr'>ipse</span> <span class='ocrx_word' id='word_1_116' title='bbox 244 1044 453 1100; x_wconf 84' lang='lat' dir='ltr'>interpres</span> <span class='ocrx_word' id='word_1_117' title='bbox 470 1051 600 1099; x_wconf 89' lang='lat' dir='ltr'>atque</span> <span class='ocrx_word' id='word_1_118' title='bbox 616 1044 845 1100; x_wconf 86' lang='lat' dir='ltr'>apostolus,</span> <span class='ocrx_word' id='word_1_119' title='bbox 865 1044 1004 1100; x_wconf 86' lang='lat' dir='ltr'>gratia</span> <span class='ocrx_word' id='word_1_120' title='bbox 1020 1043 1101 1085; x_wconf 89' lang='lat' dir='ltr'>sibi</span> <span class='ocrx_word' id='word_1_121' title='bbox 1116 1058 1336 1092; x_wconf 83' lang='lat' dir='ltr'>concessa3</span> <span class='ocrx_word' id='word_1_122' title='bbox 1358 1050 1408 1085; x_wconf 91' lang='lat' dir='ltr'>ut</span> <span class='ocrx_word' id='word_1_123' title='bbox 1425 1043 1564 1086; x_wconf 85' lang='lat' dir='ltr'>edicat</span> <span class='ocrx_word' id='word_1_124' title='bbox 1582 1050 1626 1086; x_wconf 93' lang='lat' dir='ltr'>et</span> <span class='ocrx_word' id='word_1_125' title='bbox 1642 1058 1738 1099; x_wconf 90' lang='lat' dir='ltr'>pro—</span> 
     </span>
     <span class='ocr_line' id='line_1_13' title="bbox 138 1117 1737 1176; baseline 0.001 -16"><span class='ocrx_word' id='word_1_126' title='bbox 138 1119 304 1176; x_wconf 83' lang='lat' dir='ltr'>mulget</span> <span class='ocrx_word' id='word_1_127' title='bbox 324 1119 440 1162; x_wconf 88' lang='lat' dir='ltr'>vitae</span> <span class='ocrx_word' id='word_1_128' title='bbox 460 1126 631 1161; x_wconf 88' lang='lat' dir='ltr'>nostrae</span> <span class='ocrx_word' id='word_1_129' title='bbox 651 1119 864 1175; x_wconf 86' lang='lat' dir='ltr'>regendae</span> <span class='ocrx_word' id='word_1_130' title='bbox 879 1119 1009 1175; x_wconf 83' lang='lat' dir='ltr'>leges,</span> <span class='ocrx_word' id='word_1_131' title='bbox 1028 1125 1072 1161; x_wconf 90' lang='lat' dir='ltr'>et</span> <span class='ocrx_word' id='word_1_132' title='bbox 1092 1118 1205 1160; x_wconf 90' lang='lat' dir='ltr'>hunc</span> <span class='ocrx_word' id='word_1_133' title='bbox 1226 1117 1508 1160; x_wconf 88' lang='lat' dir='ltr'>universalem</span> <span class='ocrx_word' id='word_1_134' title='bbox 1530 1118 1737 1173; x_wconf 87' lang='lat' dir='ltr'>imprimis</span> 
     </span>
     <span class='ocr_line' id='line_1_14' title="bbox 139 1183 1734 1247; baseline -0.001 -13"><span class='ocrx_word' id='word_1_135' title='bbox 139 1193 256 1235; x_wconf 91' lang='lat' dir='ltr'>omni</span> <span class='ocrx_word' id='word_1_136' title='bbox 275 1193 437 1235; x_wconf 89' lang='lat' dir='ltr'>homini</span> <span class='ocrx_word' id='word_1_137' title='bbox 454 1192 699 1236; x_wconf 87' lang='lat' dir='ltr'>Christiano</span> <span class='ocrx_word' id='word_1_138' title='bbox 721 1208 1009 1242; x_wconf 83' lang='lat' dir='ltr'>communem3</span> <span class='ocrx_word' id='word_1_139' title='bbox 1031 1192 1111 1235; x_wconf 94' lang='lat' dir='ltr'>hoc</span> <span class='ocrx_word' id='word_1_140' title='bbox 1134 1192 1246 1234; x_wconf 90' lang='lat' dir='ltr'>enim</span> <span class='ocrx_word' id='word_1_141' title='bbox 1269 1199 1347 1245; x_wconf 84' lang='lat' dir='ltr'>est,</span> <span class='ocrx_word' id='word_1_142' title='bbox 1370 1185 1497 1231; x_wconf 68' lang='lat' dir='ltr'>mim</span> <span class='ocrx_word' id='word_1_143' title='bbox 1519 1187 1578 1247; x_wconf 70' lang='grc' dir='ltr'>τῷ</span> <span class='ocrx_word' id='word_1_144' title='bbox 1595 1183 1676 1231; x_wconf 71' lang='grc' dir='ltr'>ὄντι</span> <span class='ocrx_word' id='word_1_145' title='bbox 1699 1185 1734 1232; x_wconf 77' lang='grc' dir='ltr'>ἐν</span> 
     </span>
     <span class='ocr_line' id='line_1_15' title="bbox 141 1258 1735 1322; baseline -0.003 -11"><span class='ocrx_word' id='word_1_146' title='bbox 141 1258 249 1322; x_wconf 72' lang='grc' dir='ltr'><em>ὑμῖν·</em></span> <span class='ocrx_word' id='word_1_147' title='bbox 309 1267 506 1311; x_wconf 86' lang='lat' dir='ltr'>Observa</span> <span class='ocrx_word' id='word_1_148' title='bbox 525 1267 595 1310; x_wconf 86' lang='lat' dir='ltr'>hic</span> <span class='ocrx_word' id='word_1_149' title='bbox 617 1267 893 1310; x_wconf 87' lang='lat' dir='ltr'>autoritatem</span> <span class='ocrx_word' id='word_1_150' title='bbox 924 1266 1201 1322; x_wconf 86' lang='lat' dir='ltr'>apostolicam</span> <span class='ocrx_word' id='word_1_151' title='bbox 1223 1266 1430 1308; x_wconf 90' lang='lat' dir='ltr'>divinitus</span> <span class='ocrx_word' id='word_1_152' title='bbox 1452 1266 1735 1321; x_wconf 86' lang='lat' dir='ltr'>imperiosam,</span> 
     </span>
     <span class='ocr_line' id='line_1_16' title="bbox 141 1340 1736 1398; baseline 0 -15"><span class='ocrx_word' id='word_1_153' title='bbox 141 1357 195 1384; x_wconf 87' lang='lat' dir='ltr'>ex</span> <span class='ocrx_word' id='word_1_154' title='bbox 215 1342 327 1398; x_wconf 89' lang='lat' dir='ltr'>regis</span> <span class='ocrx_word' id='word_1_155' title='bbox 350 1349 394 1384; x_wconf 89' lang='lat' dir='ltr'>et</span> <span class='ocrx_word' id='word_1_156' title='bbox 415 1342 576 1384; x_wconf 89' lang='lat' dir='ltr'>domini</span> <span class='ocrx_word' id='word_1_157' title='bbox 600 1342 736 1384; x_wconf 88' lang='lat' dir='ltr'>nostri</span> <span class='ocrx_word' id='word_1_158' title='bbox 756 1342 993 1384; x_wconf 87' lang='lat' dir='ltr'>voluntate.</span> <span class='ocrx_word' id='word_1_159' title='bbox 1054 1340 1262 1395; x_wconf 85' lang='lat' dir='ltr'>Sequitur</span> <span class='ocrx_word' id='word_1_160' title='bbox 1281 1340 1352 1382; x_wconf 87' lang='lat' dir='ltr'>lex</span> <span class='ocrx_word' id='word_1_161' title='bbox 1372 1340 1464 1395; x_wconf 85' lang='lat' dir='ltr'>ipsa</span> <span class='ocrx_word' id='word_1_162' title='bbox 1485 1340 1736 1385; x_wconf 84' lang='lat' dir='ltr'>universalis</span> 
     </span>
     <span class='ocr_line' id='line_1_17' title="bbox 140 1405 1737 1472; baseline 0 -14"><span class='ocrx_word' id='word_1_163' title='bbox 140 1416 230 1459; x_wconf 90' lang='lat' dir='ltr'>sive</span> <span class='ocrx_word' id='word_1_164' title='bbox 252 1416 442 1459; x_wconf 89' lang='lat' dir='ltr'>edictum</span> <span class='ocrx_word' id='word_1_165' title='bbox 471 1416 752 1472; x_wconf 85' lang='lat' dir='ltr'>apostolicum</span> <span class='ocrx_word' id='word_1_166' title='bbox 772 1416 838 1458; x_wconf 89' lang='lat' dir='ltr'>his</span> <span class='ocrx_word' id='word_1_167' title='bbox 860 1415 1014 1469; x_wconf 83' lang='lat' dir='ltr'>verbis,</span> <span class='ocrx_word' id='word_1_168' title='bbox 1039 1410 1184 1471; x_wconf 58' lang='grc' dir='ltr'><em>φρονεῖν</em></span> <span class='ocrx_word' id='word_1_169' title='bbox 1206 1409 1260 1460; x_wconf 79' lang='grc' dir='ltr'>εἰς</span> <span class='ocrx_word' id='word_1_170' title='bbox 1281 1405 1329 1454; x_wconf 60' lang='lat' dir='ltr'>vi</span> <span class='ocrx_word' id='word_1_171' title='bbox 1348 1410 1566 1471; x_wconf 56' lang='grc' dir='ltr'><em>σωφρονεῖν,</em></span> <span class='ocrx_word' id='word_1_172' title='bbox 1590 1430 1737 1471; x_wconf 82' lang='lat' dir='ltr'>sapere</span> 
     </span>
     <span class='ocr_line' id='line_1_18' title="bbox 139 1489 1737 1547; baseline -0.001 -13"><span class='ocrx_word' id='word_1_173' title='bbox 139 1491 230 1534; x_wconf 87' lang='lat' dir='ltr'>sive</span> <span class='ocrx_word' id='word_1_174' title='bbox 250 1491 393 1547; x_wconf 89' lang='lat' dir='ltr'>potius</span> <span class='ocrx_word' id='word_1_175' title='bbox 413 1492 670 1546; x_wconf 88' lang='lat' dir='ltr'>prudentem</span> <span class='ocrx_word' id='word_1_176' title='bbox 691 1506 782 1534; x_wconf 90' lang='lat' dir='ltr'>esse</span> <span class='ocrx_word' id='word_1_177' title='bbox 810 1491 866 1532; x_wconf 91' lang='lat' dir='ltr'>ad</span> <span class='ocrx_word' id='word_1_178' title='bbox 893 1506 1038 1533; x_wconf 87' lang='lat' dir='ltr'>sanam</span> <span class='ocrx_word' id='word_1_179' title='bbox 1068 1490 1353 1546; x_wconf 88' lang='lat' dir='ltr'>prudentiam,</span> <span class='ocrx_word' id='word_1_180' title='bbox 1375 1489 1402 1530; x_wconf 89' lang='lat' dir='ltr'>i.</span> <span class='ocrx_word' id='word_1_181' title='bbox 1425 1505 1461 1532; x_wconf 93' lang='lat' dir='ltr'>e.</span> <span class='ocrx_word' id='word_1_182' title='bbox 1484 1490 1737 1532; x_wconf 88' lang='lat' dir='ltr'>modestiam</span> 
     </span>
     <span class='ocr_line' id='line_1_19' title="bbox 141 1555 1738 1621; baseline 0 -14"><span class='ocrx_word' id='word_1_183' title='bbox 141 1572 332 1607; x_wconf 87' lang='lat' dir='ltr'>sanctam</span> <span class='ocrx_word' id='word_1_184' title='bbox 357 1571 402 1607; x_wconf 91' lang='lat' dir='ltr'>et</span> <span class='ocrx_word' id='word_1_185' title='bbox 429 1565 705 1621; x_wconf 86' lang='lat' dir='ltr'>spiritualem,</span> <span class='ocrx_word' id='word_1_186' title='bbox 726 1571 777 1607; x_wconf 90' lang='lat' dir='ltr'>ut</span> <span class='ocrx_word' id='word_1_187' title='bbox 803 1572 950 1607; x_wconf 85' lang='lat' dir='ltr'>nostra</span> <span class='ocrx_word' id='word_1_188' title='bbox 972 1565 1202 1620; x_wconf 90' lang='lat' dir='ltr'>prudentia</span> <span class='ocrx_word' id='word_1_189' title='bbox 1222 1564 1358 1606; x_wconf 86' lang='lat' dir='ltr'>omnis</span> <span class='ocrx_word' id='word_1_190' title='bbox 1380 1555 1608 1619; x_wconf 71' lang='grc' dir='ltr'><em>σωφξοσὺνῃ</em></span> <span class='ocrx_word' id='word_1_191' title='bbox 1630 1570 1738 1606; x_wconf 89' lang='lat' dir='ltr'>tem-</span> 
     </span>
     <span class='ocr_line' id='line_1_20' title="bbox 140 1637 1738 1695; baseline -0.002 -13"><span class='ocrx_word' id='word_1_192' title='bbox 140 1646 327 1695; x_wconf 89' lang='lat' dir='ltr'>peretur,</span> <span class='ocrx_word' id='word_1_193' title='bbox 345 1645 389 1681; x_wconf 90' lang='lat' dir='ltr'>et</span> <span class='ocrx_word' id='word_1_194' title='bbox 406 1639 652 1682; x_wconf 83' lang='lat' dir='ltr'>Christiana</span> <span class='ocrx_word' id='word_1_195' title='bbox 665 1639 894 1688; x_wconf 84' lang='lat' dir='ltr'>modestia3</span> <span class='ocrx_word' id='word_1_196' title='bbox 917 1640 1032 1694; x_wconf 88' lang='lat' dir='ltr'>quod</span> <span class='ocrx_word' id='word_1_197' title='bbox 1052 1645 1327 1694; x_wconf 87' lang='lat' dir='ltr'>praeceptum</span> <span class='ocrx_word' id='word_1_198' title='bbox 1348 1638 1533 1680; x_wconf 87' lang='lat' dir='ltr'>illustrat</span> <span class='ocrx_word' id='word_1_199' title='bbox 1553 1637 1738 1693; x_wconf 86' lang='lat' dir='ltr'>primum</span> 
     </span>
     <span class='ocr_line' id='line_1_21' title="bbox 143 1704 1739 1770; baseline -0.001 -15"><span class='ocrx_word' id='word_1_200' title='bbox 143 1729 169 1755; x_wconf 90' lang='lat' dir='ltr'>a</span> <span class='ocrx_word' id='word_1_201' title='bbox 198 1713 423 1767; x_wconf 91' lang='lat' dir='ltr'>contrario,</span> <span class='ocrx_word' id='word_1_202' title='bbox 447 1705 526 1759; x_wconf 67' lang='grc' dir='ltr'>Μὴ</span> <span class='ocrx_word' id='word_1_203' title='bbox 544 1705 791 1770; x_wconf 67' lang='grc' dir='ltr'><em>ὑπεξφςονᾶν</em></span> <span class='ocrx_word' id='word_1_204' title='bbox 808 1704 906 1769; x_wconf 61' lang='grc' dir='ltr'>παρ’</span> <span class='ocrx_word' id='word_1_205' title='bbox 931 1706 1025 1753; x_wconf 71' lang='grc' dir='ltr'>ὁδεῖ</span> <span class='ocrx_word' id='word_1_206' title='bbox 1047 1708 1206 1770; x_wconf 62' lang='grc' dir='ltr'><em>φρονεῖν,</em></span> <span class='ocrx_word' id='word_1_207' title='bbox 1230 1728 1284 1756; x_wconf 92' lang='lat' dir='ltr'>ne</span> <span class='ocrx_word' id='word_1_208' title='bbox 1311 1712 1524 1768; x_wconf 86' lang='lat' dir='ltr'>sapiamus</span> <span class='ocrx_word' id='word_1_209' title='bbox 1544 1718 1618 1755; x_wconf 88' lang='lat' dir='ltr'>aut</span> <span class='ocrx_word' id='word_1_210' title='bbox 1639 1727 1739 1768; x_wconf 88' lang='lat' dir='ltr'>pru-</span> 
     </span>
     <span class='ocr_line' id='line_1_22' title="bbox 142 1786 1738 1844; baseline -0.001 -14"><span class='ocrx_word' id='word_1_211' title='bbox 142 1788 333 1831; x_wconf 89' lang='lat' dir='ltr'>dentiam</span> <span class='ocrx_word' id='word_1_212' title='bbox 363 1787 611 1831; x_wconf 85' lang='lat' dir='ltr'>affectemus</span> <span class='ocrx_word' id='word_1_213' title='bbox 641 1804 769 1844; x_wconf 88' lang='lat' dir='ltr'>supra</span> <span class='ocrx_word' id='word_1_214' title='bbox 798 1789 923 1842; x_wconf 90' lang='lat' dir='ltr'>vires,</span> <span class='ocrx_word' id='word_1_215' title='bbox 955 1795 1085 1844; x_wconf 89' lang='lat' dir='ltr'>atque</span> <span class='ocrx_word' id='word_1_216' title='bbox 1117 1787 1316 1841; x_wconf 89' lang='lat' dir='ltr'>officium,</span> <span class='ocrx_word' id='word_1_217' title='bbox 1346 1793 1518 1842; x_wconf 88' lang='lat' dir='ltr'>praeter</span> <span class='ocrx_word' id='word_1_218' title='bbox 1546 1787 1592 1829; x_wconf 89' lang='lat' dir='ltr'>id</span> <span class='ocrx_word' id='word_1_219' title='bbox 1622 1786 1738 1842; x_wconf 88' lang='lat' dir='ltr'>quod</span> 
     </span>
     <span class='ocr_line' id='line_1_23' title="bbox 143 1852 1737 1919; baseline -0.001 -15"><span class='ocrx_word' id='word_1_220' title='bbox 143 1877 291 1918; x_wconf 85' lang='lat' dir='ltr'>sapere</span> <span class='ocrx_word' id='word_1_221' title='bbox 321 1862 539 1916; x_wconf 89' lang='lat' dir='ltr'>debemus,</span> <span class='ocrx_word' id='word_1_222' title='bbox 570 1869 645 1905; x_wconf 89' lang='lat' dir='ltr'>aut</span> <span class='ocrx_word' id='word_1_223' title='bbox 674 1863 906 1919; x_wconf 89' lang='lat' dir='ltr'>praeterito</span> <span class='ocrx_word' id='word_1_224' title='bbox 938 1878 988 1906; x_wconf 94' lang='lat' dir='ltr'>eo</span> <span class='ocrx_word' id='word_1_225' title='bbox 1011 1863 1111 1918; x_wconf 90' lang='lat' dir='ltr'>(hoc</span> <span class='ocrx_word' id='word_1_226' title='bbox 1143 1863 1257 1906; x_wconf 85' lang='lat' dir='ltr'>enim</span> <span class='ocrx_word' id='word_1_227' title='bbox 1287 1869 1353 1905; x_wconf 90' lang='lat' dir='ltr'>est</span> <span class='ocrx_word' id='word_1_228' title='bbox 1381 1852 1478 1918; x_wconf 62' lang='grc' dir='ltr'>παρ’</span> <span class='ocrx_word' id='word_1_229' title='bbox 1507 1852 1547 1916; x_wconf 77' lang='grc' dir='ltr'>ὅ)</span> <span class='ocrx_word' id='word_1_230' title='bbox 1576 1861 1621 1902; x_wconf 88' lang='lat' dir='ltr'>in</span> <span class='ocrx_word' id='word_1_231' title='bbox 1652 1876 1737 1916; x_wconf 91' lang='lat' dir='ltr'>quo</span> 
     </span>
     <span class='ocr_line' id='line_1_24' title="bbox 143 1936 1740 1993; baseline -0.001 -15"><span class='ocrx_word' id='word_1_232' title='bbox 143 1937 376 1992; x_wconf 86' lang='lat' dir='ltr'>prudentes</span> <span class='ocrx_word' id='word_1_233' title='bbox 396 1952 474 1979; x_wconf 90' lang='lat' dir='ltr'>nos</span> <span class='ocrx_word' id='word_1_234' title='bbox 495 1952 600 1991; x_wconf 87' lang='lat' dir='ltr'>esse,</span> <span class='ocrx_word' id='word_1_235' title='bbox 623 1943 667 1980; x_wconf 90' lang='lat' dir='ltr'>et</span> <span class='ocrx_word' id='word_1_236' title='bbox 693 1937 807 1980; x_wconf 89' lang='lat' dir='ltr'>intra</span> <span class='ocrx_word' id='word_1_237' title='bbox 835 1938 950 1993; x_wconf 91' lang='lat' dir='ltr'>quod</span> <span class='ocrx_word' id='word_1_238' title='bbox 970 1938 1146 1980; x_wconf 89' lang='lat' dir='ltr'>modum</span> <span class='ocrx_word' id='word_1_239' title='bbox 1169 1936 1424 1993; x_wconf 88' lang='lat' dir='ltr'>prudentiae</span> <span class='ocrx_word' id='word_1_240' title='bbox 1448 1942 1618 1979; x_wconf 88' lang='lat' dir='ltr'>nostrae</span> <span class='ocrx_word' id='word_1_241' title='bbox 1639 1949 1740 1978; x_wconf 86' lang='lat' dir='ltr'>con-</span> 
     </span>
     <span class='ocr_line' id='line_1_25' title="bbox 143 2009 1738 2064; baseline -0.001 -10"><span class='ocrx_word' id='word_1_242' title='bbox 143 2011 282 2054; x_wconf 89' lang='lat' dir='ltr'>tinere</span> <span class='ocrx_word' id='word_1_243' title='bbox 321 2027 399 2054; x_wconf 89' lang='lat' dir='ltr'>nos</span> <span class='ocrx_word' id='word_1_244' title='bbox 433 2011 650 2055; x_wconf 86' lang='lat' dir='ltr'>convenit.</span> <span class='ocrx_word' id='word_1_245' title='bbox 723 2012 894 2055; x_wconf 89' lang='lat' dir='ltr'>Deinde</span> <span class='ocrx_word' id='word_1_246' title='bbox 931 2012 1143 2055; x_wconf 90' lang='lat' dir='ltr'>efficiente</span> <span class='ocrx_word' id='word_1_247' title='bbox 1178 2027 1307 2054; x_wconf 88' lang='lat' dir='ltr'>causa</span> <span class='ocrx_word' id='word_1_248' title='bbox 1341 2011 1451 2064; x_wconf 92' lang='lat' dir='ltr'>Deo,</span> <span class='ocrx_word' id='word_1_249' title='bbox 1486 2016 1530 2053; x_wconf 90' lang='lat' dir='ltr'>et</span> <span class='ocrx_word' id='word_1_250' title='bbox 1565 2009 1738 2052; x_wconf 89' lang='lat' dir='ltr'>modulo</span> 
     </span>
     <span class='ocr_line' id='line_1_26' title="bbox 143 2084 1740 2142; baseline -0.001 -15"><span class='ocrx_word' id='word_1_251' title='bbox 143 2085 307 2142; x_wconf 89' lang='lat' dir='ltr'>gratiae</span> <span class='ocrx_word' id='word_1_252' title='bbox 327 2085 426 2139; x_wconf 91' lang='lat' dir='ltr'>Dei,</span> <span class='ocrx_word' id='word_1_253' title='bbox 448 2085 538 2129; x_wconf 88' lang='lat' dir='ltr'>sive</span> <span class='ocrx_word' id='word_1_254' title='bbox 560 2087 762 2130; x_wconf 88' lang='lat' dir='ltr'>demenso</span> <span class='ocrx_word' id='word_1_255' title='bbox 782 2087 896 2141; x_wconf 87' lang='lat' dir='ltr'>fidei,</span> <span class='ocrx_word' id='word_1_256' title='bbox 919 2087 1041 2142; x_wconf 87' lang='lat' dir='ltr'>cujus</span> <span class='ocrx_word' id='word_1_257' title='bbox 1065 2093 1182 2129; x_wconf 87' lang='lat' dir='ltr'>meta</span> <span class='ocrx_word' id='word_1_258' title='bbox 1203 2092 1248 2129; x_wconf 89' lang='lat' dir='ltr'>et</span> <span class='ocrx_word' id='word_1_259' title='bbox 1268 2085 1390 2141; x_wconf 86' lang='lat' dir='ltr'>quasi</span> <span class='ocrx_word' id='word_1_260' title='bbox 1409 2084 1623 2141; x_wconf 87' lang='lat' dir='ltr'>repagulis</span> <span class='ocrx_word' id='word_1_261' title='bbox 1643 2099 1740 2126; x_wconf 89' lang='lat' dir='ltr'>nos-</span> 
     </span>
     <span class='ocr_line' id='line_1_27' title="bbox 145 2158 1741 2219; baseline -0.001 -17"><span class='ocrx_word' id='word_1_262' title='bbox 145 2167 256 2219; x_wconf 78' lang='lat' dir='ltr'>tram</span> <span class='ocrx_word' id='word_1_263' title='bbox 275 2160 550 2216; x_wconf 85' lang='lat' dir='ltr'>prudentiam</span> <span class='ocrx_word' id='word_1_264' title='bbox 577 2176 747 2203; x_wconf 89' lang='lat' dir='ltr'>omnem</span> <span class='ocrx_word' id='word_1_265' title='bbox 766 2161 812 2202; x_wconf 92' lang='lat' dir='ltr'>in</span> <span class='ocrx_word' id='word_1_266' title='bbox 832 2161 1025 2204; x_wconf 89' lang='lat' dir='ltr'>ordinem</span> <span class='ocrx_word' id='word_1_267' title='bbox 1051 2161 1169 2218; x_wconf 89' lang='lat' dir='ltr'>cogit</span> <span class='ocrx_word' id='word_1_268' title='bbox 1199 2167 1329 2216; x_wconf 89' lang='lat' dir='ltr'>atque</span> <span class='ocrx_word' id='word_1_269' title='bbox 1350 2166 1530 2213; x_wconf 89' lang='lat' dir='ltr'>coercet,</span> <span class='ocrx_word' id='word_1_270' title='bbox 1553 2160 1656 2201; x_wconf 90' lang='lat' dir='ltr'>dum</span> <span class='ocrx_word' id='word_1_271' title='bbox 1675 2158 1741 2200; x_wconf 90' lang='lat' dir='ltr'>in-</span> 
     </span>
     <span class='ocr_line' id='line_1_28' title="bbox 144 2233 1741 2292; baseline -0.001 -15"><span class='ocrx_word' id='word_1_272' title='bbox 144 2235 252 2290; x_wconf 87' lang='lat' dir='ltr'>quit,</span> <span class='ocrx_word' id='word_1_273' title='bbox 273 2234 518 2290; x_wconf 87' lang='lat' dir='ltr'>unicuique,</span> <span class='ocrx_word' id='word_1_274' title='bbox 539 2242 588 2277; x_wconf 90' lang='lat' dir='ltr'>ut</span> <span class='ocrx_word' id='word_1_275' title='bbox 608 2235 730 2278; x_wconf 85' lang='lat' dir='ltr'>Deus</span> <span class='ocrx_word' id='word_1_276' title='bbox 758 2235 941 2292; x_wconf 88' lang='lat' dir='ltr'>partitus</span> <span class='ocrx_word' id='word_1_277' title='bbox 970 2242 1036 2278; x_wconf 88' lang='lat' dir='ltr'>est</span> <span class='ocrx_word' id='word_1_278' title='bbox 1055 2250 1297 2278; x_wconf 86' lang='lat' dir='ltr'>mensuram</span> <span class='ocrx_word' id='word_1_279' title='bbox 1323 2234 1425 2277; x_wconf 88' lang='lat' dir='ltr'>fidei</span> <span class='ocrx_word' id='word_1_280' title='bbox 1447 2233 1643 2290; x_wconf 86' lang='lat' dir='ltr'>(quidam</span> <span class='ocrx_word' id='word_1_281' title='bbox 1670 2247 1741 2276; x_wconf 85' lang='lat' dir='ltr'>co-</span> 
     </span>
     <span class='ocr_line' id='line_1_29' title="bbox 143 2303 1740 2366; baseline -0.001 -15"><span class='ocrx_word' id='word_1_282' title='bbox 143 2309 261 2352; x_wconf 86' lang='lat' dir='ltr'>dices</span> <span class='ocrx_word' id='word_1_283' title='bbox 280 2309 441 2353; x_wconf 87' lang='lat' dir='ltr'>habent</span> <span class='ocrx_word' id='word_1_284' title='bbox 460 2303 669 2366; x_wconf 63' lang='grc' dir='ltr'>χάριτος),</span> <span class='ocrx_word' id='word_1_285' title='bbox 691 2309 846 2365; x_wconf 86' lang='lat' dir='ltr'>cuique</span> <span class='ocrx_word' id='word_1_286' title='bbox 875 2310 1010 2366; x_wconf 88' lang='lat' dir='ltr'>igitur</span> <span class='ocrx_word' id='word_1_287' title='bbox 1030 2325 1107 2352; x_wconf 89' lang='lat' dir='ltr'>sua</span> <span class='ocrx_word' id='word_1_288' title='bbox 1134 2309 1368 2366; x_wconf 87' lang='lat' dir='ltr'>spectanda-</span> <span class='ocrx_word' id='word_1_289' title='bbox 1386 2308 1493 2351; x_wconf 88' lang='lat' dir='ltr'>fides</span> <span class='ocrx_word' id='word_1_290' title='bbox 1516 2307 1559 2349; x_wconf 88' lang='lat' dir='ltr'>h.</span> <span class='ocrx_word' id='word_1_291' title='bbox 1582 2323 1619 2350; x_wconf 90' lang='lat' dir='ltr'>e.</span> <span class='ocrx_word' id='word_1_292' title='bbox 1640 2321 1740 2364; x_wconf 84' lang='lat' dir='ltr'>cog-</span> 
     </span>
     <span class='ocr_line' id='line_1_30' title="bbox 144 2380 1740 2438; baseline -0.001 -13"><span class='ocrx_word' id='word_1_293' title='bbox 144 2383 253 2426; x_wconf 86' lang='lat' dir='ltr'>nitio</span> <span class='ocrx_word' id='word_1_294' title='bbox 268 2384 438 2428; x_wconf 86' lang='lat' dir='ltr'>divinae</span> <span class='ocrx_word' id='word_1_295' title='bbox 456 2385 691 2428; x_wconf 85' lang='lat' dir='ltr'>voluntatis</span> <span class='ocrx_word' id='word_1_296' title='bbox 706 2384 752 2426; x_wconf 91' lang='lat' dir='ltr'>in</span> <span class='ocrx_word' id='word_1_297' title='bbox 769 2384 957 2438; x_wconf 88' lang='lat' dir='ltr'>Christo,</span> <span class='ocrx_word' id='word_1_298' title='bbox 975 2391 1020 2427; x_wconf 93' lang='lat' dir='ltr'>et</span> <span class='ocrx_word' id='word_1_299' title='bbox 1035 2385 1089 2427; x_wconf 90' lang='lat' dir='ltr'>de</span> <span class='ocrx_word' id='word_1_300' title='bbox 1111 2399 1162 2426; x_wconf 90' lang='lat' dir='ltr'>ea</span> <span class='ocrx_word' id='word_1_301' title='bbox 1181 2390 1299 2427; x_wconf 88' lang='lat' dir='ltr'>certa</span> <span class='ocrx_word' id='word_1_302' title='bbox 1314 2382 1444 2426; x_wconf 90' lang='lat' dir='ltr'>animi</span> <span class='ocrx_word' id='word_1_303' title='bbox 1464 2380 1681 2438; x_wconf 84' lang='lat' dir='ltr'>persuasio</span> <span class='ocrx_word' id='word_1_304' title='bbox 1693 2380 1740 2422; x_wconf 91' lang='lat' dir='ltr'>in</span> 
     </span>
     <span class='ocr_line' id='line_1_31' title="bbox 146 2454 1737 2516; baseline -0.001 -17"><span class='ocrx_word' id='word_1_305' title='bbox 146 2458 263 2500; x_wconf 90' lang='lat' dir='ltr'>omni</span> <span class='ocrx_word' id='word_1_306' title='bbox 284 2473 331 2501; x_wconf 90' lang='lat' dir='ltr'>re</span> <span class='ocrx_word' id='word_1_307' title='bbox 355 2459 624 2516; x_wconf 83' lang='lat' dir='ltr'>suscipienda</span> <span class='ocrx_word' id='word_1_308' title='bbox 654 2466 699 2502; x_wconf 90' lang='lat' dir='ltr'>et</span> <span class='ocrx_word' id='word_1_309' title='bbox 728 2460 907 2516; x_wconf 87' lang='lat' dir='ltr'>agenda.</span> <span class='ocrx_word' id='word_1_310' title='bbox 969 2457 1188 2514; x_wconf 83' lang='lat' dir='ltr'>Quicquid</span> <span class='ocrx_word' id='word_1_311' title='bbox 1210 2457 1324 2501; x_wconf 90' lang='lat' dir='ltr'>enim</span> <span class='ocrx_word' id='word_1_312' title='bbox 1346 2456 1417 2513; x_wconf 87' lang='lat' dir='ltr'>(ut</span> <span class='ocrx_word' id='word_1_313' title='bbox 1442 2456 1548 2500; x_wconf 86' lang='lat' dir='ltr'>dicit</span> <span class='ocrx_word' id='word_1_314' title='bbox 1566 2454 1737 2512; x_wconf 85' lang='lat' dir='ltr'>postea)</span> 
     </span>
     <span class='ocr_line' id='line_1_32' title="bbox 146 2529 1740 2589; baseline -0.001 -15"><span class='ocrx_word' id='word_1_315' title='bbox 146 2531 239 2575; x_wconf 83' lang='lat' dir='ltr'>sine</span> <span class='ocrx_word' id='word_1_316' title='bbox 257 2531 343 2575; x_wconf 88' lang='lat' dir='ltr'>fide</span> <span class='ocrx_word' id='word_1_317' title='bbox 364 2532 433 2586; x_wconf 87' lang='lat' dir='ltr'>sit,</span> <span class='ocrx_word' id='word_1_318' title='bbox 453 2540 679 2589; x_wconf 86' lang='lat' dir='ltr'>peceatum</span> <span class='ocrx_word' id='word_1_319' title='bbox 699 2540 778 2587; x_wconf 87' lang='lat' dir='ltr'>est,</span> <span class='ocrx_word' id='word_1_320' title='bbox 795 2548 880 2588; x_wconf 89' lang='lat' dir='ltr'>quo</span> <span class='ocrx_word' id='word_1_321' title='bbox 896 2532 984 2576; x_wconf 90' lang='lat' dir='ltr'>fere</span> <span class='ocrx_word' id='word_1_322' title='bbox 1005 2539 1172 2589; x_wconf 85' lang='lat' dir='ltr'>spectat</span> <span class='ocrx_word' id='word_1_323' title='bbox 1189 2539 1233 2576; x_wconf 88' lang='lat' dir='ltr'>et</span> <span class='ocrx_word' id='word_1_324' title='bbox 1247 2531 1412 2589; x_wconf 87' lang='lat' dir='ltr'>gratiae</span> <span class='ocrx_word' id='word_1_325' title='bbox 1432 2545 1601 2584; x_wconf 82' lang='lat' dir='ltr'>nomen,</span> <span class='ocrx_word' id='word_1_326' title='bbox 1623 2529 1659 2574; x_wconf 84' lang='lat' dir='ltr'>si</span> <span class='ocrx_word' id='word_1_327' title='bbox 1678 2529 1740 2572; x_wconf 88' lang='lat' dir='ltr'>ita</span> 
     </span>
     <span class='ocr_line' id='line_1_33' title="bbox 101 2604 1741 2664; baseline -0.002 -16"><span class='ocrx_word' id='word_1_328' title='bbox 101 2632 107 2638; x_wconf 92' lang='lat'><em>-</em></span> <span class='ocrx_word' id='word_1_329' title='bbox 146 2607 352 2663; x_wconf 83' lang='lat' dir='ltr'>legamus,</span> <span class='ocrx_word' id='word_1_330' title='bbox 371 2607 456 2650; x_wconf 83' lang='lat' dir='ltr'>nisi</span> <span class='ocrx_word' id='word_1_331' title='bbox 475 2609 590 2663; x_wconf 87' lang='lat' dir='ltr'>quod</span> <span class='ocrx_word' id='word_1_332' title='bbox 619 2608 808 2664; x_wconf 83' lang='lat' dir='ltr'>apertius</span> <span class='ocrx_word' id='word_1_333' title='bbox 837 2607 966 2650; x_wconf 88' lang='lat' dir='ltr'>fidem</span> <span class='ocrx_word' id='word_1_334' title='bbox 986 2607 1204 2651; x_wconf 88' lang='lat' dir='ltr'>includere</span> <span class='ocrx_word' id='word_1_335' title='bbox 1225 2606 1434 2660; x_wconf 81' lang='lat' dir='ltr'>videatur,</span> <span class='ocrx_word' id='word_1_336' title='bbox 1456 2620 1555 2650; x_wconf 86' lang='lat' dir='ltr'>cum</span> <span class='ocrx_word' id='word_1_337' title='bbox 1575 2604 1741 2660; x_wconf 86' lang='lat' dir='ltr'>sapien-</span> 
     </span>
     <span class='ocr_line' id='line_1_34' title="bbox 145 2677 1740 2738; baseline 0.001 -15"><span class='ocrx_word' id='word_1_338' title='bbox 145 2681 235 2724; x_wconf 88' lang='lat' dir='ltr'>tiae</span> <span class='ocrx_word' id='word_1_339' title='bbox 255 2681 345 2724; x_wconf 87' lang='lat' dir='ltr'>sive</span> <span class='ocrx_word' id='word_1_340' title='bbox 360 2682 613 2738; x_wconf 80' lang='lat' dir='ltr'>prudentiae</span> <span class='ocrx_word' id='word_1_341' title='bbox 637 2683 763 2737; x_wconf 88' lang='lat' dir='ltr'>dono,</span> <span class='ocrx_word' id='word_1_342' title='bbox 784 2697 862 2738; x_wconf 87' lang='lat' dir='ltr'>pro</span> <span class='ocrx_word' id='word_1_343' title='bbox 881 2681 1069 2725; x_wconf 88' lang='lat' dir='ltr'>muneris</span> <span class='ocrx_word' id='word_1_344' title='bbox 1091 2689 1135 2725; x_wconf 89' lang='lat' dir='ltr'>et</span> <span class='ocrx_word' id='word_1_345' title='bbox 1154 2681 1386 2726; x_wconf 88' lang='lat' dir='ltr'>functionis</span> <span class='ocrx_word' id='word_1_346' title='bbox 1406 2680 1584 2724; x_wconf 89' lang='lat' dir='ltr'>ratione.</span> <span class='ocrx_word' id='word_1_347' title='bbox 1643 2677 1740 2724; x_wconf 73' lang='lat' dir='ltr'>Nec</span> 
     </span>
     <span class='ocr_line' id='line_1_35' title="bbox 146 2752 1741 2812; baseline -0.002 -15"><span class='ocrx_word' id='word_1_348' title='bbox 146 2755 254 2798; x_wconf 82' lang='lat' dir='ltr'>fides</span> <span class='ocrx_word' id='word_1_349' title='bbox 270 2755 410 2809; x_wconf 89' lang='lat' dir='ltr'>modo,</span> <span class='ocrx_word' id='word_1_350' title='bbox 429 2756 506 2798; x_wconf 86' lang='lat' dir='ltr'>sed</span> <span class='ocrx_word' id='word_1_351' title='bbox 527 2756 656 2798; x_wconf 87' lang='lat' dir='ltr'>etiam</span> <span class='ocrx_word' id='word_1_352' title='bbox 671 2772 869 2800; x_wconf 87' lang='lat' dir='ltr'>mensura</span> <span class='ocrx_word' id='word_1_353' title='bbox 880 2756 982 2799; x_wconf 89' lang='lat' dir='ltr'>fidei</span> <span class='ocrx_word' id='word_1_354' title='bbox 1002 2756 1247 2812; x_wconf 85' lang='lat' dir='ltr'>spectanda,</span> <span class='ocrx_word' id='word_1_355' title='bbox 1268 2755 1296 2798; x_wconf 89' lang='lat' dir='ltr'>i.</span> <span class='ocrx_word' id='word_1_356' title='bbox 1311 2771 1348 2798; x_wconf 90' lang='lat' dir='ltr'>e.</span> <span class='ocrx_word' id='word_1_357' title='bbox 1370 2756 1617 2799; x_wconf 85' lang='lat' dir='ltr'>demensum</span> <span class='ocrx_word' id='word_1_358' title='bbox 1634 2752 1741 2794; x_wconf 85' lang='lat' dir='ltr'>illud</span> 
     </span>
     <span class='ocr_line' id='line_1_36' title="bbox 146 2829 1739 2887; baseline -0.001 -15"><span class='ocrx_word' id='word_1_359' title='bbox 146 2829 270 2873; x_wconf 87' lang='lat' dir='ltr'>nobis</span> <span class='ocrx_word' id='word_1_360' title='bbox 299 2829 524 2884; x_wconf 84' lang='lat' dir='ltr'>tributum,</span> <span class='ocrx_word' id='word_1_361' title='bbox 554 2845 633 2874; x_wconf 84' lang='lat' dir='ltr'>nee</span> <span class='ocrx_word' id='word_1_362' title='bbox 668 2837 759 2874; x_wconf 84' lang='lat' dir='ltr'>tam</span> <span class='ocrx_word' id='word_1_363' title='bbox 793 2830 1075 2887; x_wconf 85' lang='lat' dir='ltr'>spectandum</span> <span class='ocrx_word' id='word_1_364' title='bbox 1109 2830 1215 2886; x_wconf 91' lang='lat' dir='ltr'>quid</span> <span class='ocrx_word' id='word_1_365' title='bbox 1249 2829 1341 2872; x_wconf 85' lang='lat' dir='ltr'>aliis</span> <span class='ocrx_word' id='word_1_366' title='bbox 1376 2842 1638 2882; x_wconf 85' lang='lat' dir='ltr'>concessum,</span> <span class='ocrx_word' id='word_1_367' title='bbox 1663 2833 1739 2871; x_wconf 81' lang='lat' dir='ltr'>aut</span> 
     </span>
    </p>
   </div>
  </div>
 </body>
</html>
