1887 3188
191 211 270 251 508
782 218 1157 258 COMMENTARms,

186 341 387 393 bonitate,
409 338 661 396 cognitione,
684 345 726 380 et
747 339 1144 381 commonefaciendi
1164 339 1376 392 facultate,
1399 354 1505 394 quae
1527 345 1611 381 tres
1633 338 1752 394 quasi

184 417 356 458 laudum
376 422 516 471 partes
537 414 710 456 mirifico
731 414 1036 470 amplificantur
1056 414 1108 456 ab
1138 414 1337 469 adjuncta
1367 413 1487 469 copia
1516 430 1591 456 seu
1619 414 1751 470 pleni-

184 491 344 543 tudine,
367 495 410 532 et
430 488 625 544 Apostoli
645 488 774 543 ipsius
795 496 909 530 certa
928 488 1208 544 persuasione.
1261 478 1539 540 Ἀγαθωσὺνη
1569 488 1657 530 sive
1677 487 1751 530 bo-

180 565 326 607 nitatis
348 564 605 606 abundantia
625 563 792 605 videtur
811 563 1015 618 respicere
1031 563 1408 617 mansuetudinem,
1426 571 1468 606 et
1484 563 1750 606 tolerantiam

180 640 226 682 in
246 639 427 682 ferendis
448 638 623 680 fratrum
643 637 955 679 infirmitatibus
976 638 1089 692 quod
1119 644 1413 693 argumentum
1432 638 1620 693 proxime
1640 644 1749 680 trac-

182 716 292 759 tavit
308 732 318 766 3
351 707 527 767 ’γνώσεως
561 713 778 769 plenitudo
810 712 896 754 sive
930 711 1144 768 opulentia
1175 712 1409 754 doctrinam
1435 711 1747 767 justificationis

183 798 227 834 et
259 790 404 833 salutis
437 798 564 843 atque
585 788 688 830 adeo
720 785 1112 843 praedestinationis
1143 786 1196 828 ad
1219 787 1284 827 12.
1305 801 1438 841 usque
1459 793 1586 842 caput
1606 785 1748 842 dispu-

181 872 314 908 tatam
331 881 341 914 ;
385 855 576 910 νουθεσία,
612 862 639 903 i.
672 878 706 904 e.
742 860 1101 913 commonefactio,
1137 860 1206 903 vel
1239 867 1461 915 utramque
1497 860 1564 902 vel
1599 859 1748 902 saltem

179 933 429 996 παραινέσεις
456 940 510 980 ad
530 953 696 981 omnem
718 936 1001 980 Christianam
1022 937 1236 979 virtutem.
1302 936 1530 993 [Expende
1553 936 1633 978 hoc
1654 935 1747 977 dili-

180 1014 383 1073 gentius]
430 1013 546 1070 Ergo
568 1027 820 1068 quamquam
842 1011 946 1052 nihil
967 1011 1085 1054 vobis
1102 1011 1223 1065 desit,
1245 1018 1387 1054 tamen
1408 1027 1500 1054 sum
1516 1010 1744 1054 audaculus

176 1090 221 1132 in
242 1089 473 1142 scribendo,
496 1095 575 1130 etc.

233 1165 424 1206 Primum
456 1163 559 1206 dicit
582 1153 879 1217 τολμηρότερον,
917 1160 1035 1216 quasi
1067 1160 1191 1216 paulo
1223 1161 1445 1210 audaci0r3
1482 1160 1634 1203 deinde
1673 1174 1744 1202 ex-

176 1246 325 1282 tenuat
338 1239 555 1281 audaciam
575 1228 662 1276 ἀπὸ
684 1229 856 1293 μέζους;
881 1251 1018 1291 neque
1039 1236 1150 1278 enim
1172 1235 1298 1279 debet
1319 1236 1398 1278 hoc
1418 1235 1618 1292 conjungi
1647 1250 1743 1277 cum

175 1315 303 1358 verbo
325 1306 515 1369 ἔγραψα,
533 1321 582 1356 ut
597 1313 757 1356 faciunt
772 1313 1226 1355 Pseudo-romanenses
1242 1312 1296 1353 ad
1315 1310 1586 1352 minuendam
1604 1309 1744 1364 Scrip-

174 1398 293 1433 turae
314 1390 633 1447 plenitudinem.
684 1388 830 1430 Tertio
846 1387 965 1430 addit
985 1394 1033 1429 ut
1054 1386 1442 1439 commonefaciens,
1458 1400 1544 1427 non
1563 1383 1744 1427 docendi

172 1481 259 1520 vos,
281 1466 355 1508 sed
375 1465 631 1507 refricandae
652 1463 874 1505 memoriae
895 1468 1059 1504 vestrae
1089 1476 1240 1504 causa:
1274 1459 1450 1513 Quarto,
1471 1458 1651 1515 gratiam
1680 1457 1744 1500 di-

171 1540 330 1584 vinitus
351 1540 431 1582 sibi
455 1540 597 1581 datam
626 1554 722 1581 cum
749 1537 976 1579 autoritate
996 1536 1244 1593 Apostolica
1267 1534 1452 1588 adducit,
1473 1534 1592 1589 cujus
1623 1540 1742 1576 auto-

169 1631 257 1658 rem
273 1615 414 1658 Deum
427 1614 471 1655 in
486 1613 655 1657 Christo
670 1628 746 1668 per
762 1611 968 1668 Spiritum
985 1611 1187 1654 Sanctum
1203 1609 1405 1667 agnoscit,
1421 1609 1549 1665 idque
1569 1609 1680 1651 bono
1696 1615 1741 1651 et

167 1690 294 1733 saluti
315 1689 533 1742 Gentium,
555 1704 603 1730 ac.
623 1688 797 1744 proinde
819 1686 1139 1730 sanctificationi
1169 1685 1466 1738 Romanorum,
1488 1699 1666 1740 quorum
1695 1698 1740 1726 se

166 1764 398 1820 Apostolus
419 1770 484 1805 est
499 1762 709 1818 professus
729 1761 850 1803 initio
867 1761 1109 1817 Epistolae3
1142 1755 1433 1817 ἱερουργοῦντα,
1457 1766 1600 1802 sancte
1619 1775 1739 1816 prae-

165 1839 390 1882 dicantem.
450 1838 661 1894 Perpetua
691 1837 910 1880 translatio
938 1853 963 1878 a
991 1836 1196 1893 legalibus
1229 1835 1499 1882 sacerdotiis3
1531 1828 1735 1891 ἱεξουξγέἱν

164 1921 230 1957 est
250 1914 376 1956 sacris
397 1913 571 1970 operari,
593 1928 681 1955 rem
702 1912 889 1955 divinam
919 1912 1067 1964 facere,
1089 1926 1177 1953 rem
1211 1917 1398 1952 sanctam
1431 1916 1575 1952 sancte
1605 1909 1736 1952 admi-

161 1988 352 2042 nistrare,
373 1995 422 2031 ut
441 1988 521 2030 hoc
550 1988 642 2030 loco
662 1987 863 2030 tribuitur
883 1985 1090 2043 ApOstolo
1122 1991 1433 2028 sacrosanctum
1452 1984 1735 2041 Evangelium

163 2070 307 2106 sancte
332 2062 642 2105 administranti
666 2063 720 2104 ad
742 2061 905 2105 Gentes
933 2060 1251 2104 sanctificandas
1278 2060 1323 2101 in
1350 2066 1536 2102 sanctam
1562 2059 1737 2102 oblatio-

162 2153 260 2180 nem
281 2144 324 2180 et
344 2143 560 2193 acceptam
580 2137 674 2179 Deo
698 2152 773 2193 per
798 2136 1004 2193 Spiritum
1026 2136 1243 2179 Sanctum.
1299 2135 1404 2178 Ideo
1425 2141 1469 2178 et
1496 2150 1540 2177 se
1558 2130 1735 2190 λειτοῢξ-

161 2222 232 2264 γον
258 2211 426 2254 vocavit
445 2211 660 2268 publicum
681 2226 892 2254 sacrorum
912 2210 1229 2261 administrum3
1260 2200 1495 2265 cujusmodi
1514 2209 1628 2251 haud
1647 2209 1733 2251 scio

162 2302 216 2328 an
236 2293 400 2329 veteres
421 2285 602 2329 Romani
623 2285 860 2339 Camillum,
882 2293 957 2328 aut
985 2285 1244 2339 Casmillum,
1266 2291 1340 2327 aut
1360 2299 1443 2339 quo
1463 2283 1544 2326 alio
1563 2282 1732 2326 nomine

161 2361 434 2417 appellarint3
454 2360 568 2404 Vide
583 2360 773 2414 Festum,
789 2360 1037 2413 Varronem,
1051 2360 1299 2412 Isiodorum',
1315 2358 1574 2402 Glossarium
1595 2365 1732 2412 vetus,

160 2435 275 2478 alios.
354 2435 470 2478 Hinc
491 2435 617 2478 infert
636 2450 723 2478 ver.
747 2436 814 2478 17.
835 2450 879 2477 se
899 2435 1079 2491 amplam
1106 2433 1260 2476 habere
1281 2432 1497 2475 materiam
1525 2432 1734 2489 gloriandi

158 2509 240 2553 sibi
254 2509 458 2552 divinitus
473 2510 517 2551 in
539 2509 708 2553 Christo
728 2509 962 2566 praeditam
982 2509 1034 2551 de
1051 2508 1212 2552 effectis
1226 2507 1504 2563 Apostolatus
1524 2507 1601 2561 sui,
1618 2507 1731 2550 unde

159 2584 360 2641 colligant
379 2583 561 2626 Romani
581 2590 624 2626 et
639 2583 747 2626 hanc
767 2583 1003 2640 Epistolam
1017 2584 1129 2640 apud
1148 2583 1240 2625 illos
1261 2581 1470 2624 efficacem
1485 2582 1585 2636 fore,
1607 2597 1731 2624 suum

158 2674 260 2703 vero
275 2659 518 2712 adventum,
539 2673 635 2701 cum
655 2658 774 2701 Deus
795 2657 988 2712 voluerit,
1004 2658 1129 2714 longe
1150 2656 1495 2699 efficacissimum.
1536 2655 1731 2703 Efficaci-

159 2749 228 2777 am
243 2749 343 2791 ergo
358 2727 634 2790 Apostolatus
650 2732 715 2775 sui
730 2732 956 2788 amplificat
971 2732 1143 2774 mirifice
1159 2731 1212 2773 ab
1228 2731 1387 2773 effectis
1403 2730 1589 2773 omnium
1603 2745 1731 2787 gene-

158 2824 252 2850 rum
272 2807 539 2862 admiran'dis,
560 2823 737 2864 quorum
757 2806 933 2863 gloriam
953 2806 1100 2849 tribuit
1121 2806 1228 2859 Deo,
1258 2806 1425 2848 illorum
1449 2805 1634 2847 omnium
1654 2819 1729 2861 per

158 2883 363 2939 Spiritum
380 2882 583 2927 Sanctum
603 2873 740 2926 autori
755 2888 798 2925 et
814 2880 1012 2936 effectori,
1034 2888 1122 2924 tam
1138 2880 1359 2924 verborum
1380 2895 1506 2936 quam
1521 2880 1726 2922 factorum
