1887 3188
200 182 282 221 422
804 190 1185 230 COMMENTARIUS,

203 293 412 336 malitiose
435 300 478 335 et
499 300 647 335 contra
668 293 967 335 conscientiam
1000 308 1085 335 non
1115 292 1273 348 patrari
1304 292 1438 334 solum
1461 291 1513 333 ab
1535 290 1636 346 ipsis
1656 290 1792 332 homi-

202 367 341 420 nibus,
365 368 439 409 sed
461 367 589 409 etiam
610 367 814 423 applausu
836 374 879 410 et
899 367 1146 423 patrocinio,
1169 382 1264 409 cum
1282 366 1333 408 ab
1351 366 1441 407 aliis
1462 372 1697 421 patrantur,
1720 380 1793 420 ap-

201 441 382 498 probari,
400 449 529 497 atque
551 442 734 495 defendi,
751 442 880 497 idque
901 450 1048 484 contra
1065 434 1277 496 δικάιωμα
1295 437 1395 488 θεοῦ,
1415 441 1441 482 i.
1458 457 1492 483 e.
1508 441 1580 495 jus
1597 440 1789 482 divinum

200 516 325 571 plane
346 516 552 572 agnitum,
576 516 774 557 nimirum
793 516 941 557 talium
964 517 1181 569 scelerum,
1199 517 1348 557 talium
1369 516 1616 569 facinorum,
1639 515 1789 557 talium

198 590 457 646 flagitiorum
479 598 649 632 autores
668 597 711 631 et
729 590 951 645 populares
969 596 1183 631 aeternam
1202 597 1379 632 mortem
1397 590 1625 645 promereri
1640 606 1650 639 3
1673 589 1789 631 nullo

199 673 344 707 tamen
366 665 434 707 vel
455 664 653 716 numinis,
676 664 796 718 cujus
819 663 1051 706 vindictam
1079 679 1164 705 non
1186 664 1502 716 exhorrescunt,
1525 664 1593 707 vel
1613 679 1787 719 poenae,

201 740 321 794 cujus
334 738 591 794 gravitatem
607 752 693 779 non
705 737 993 790 reformidant,
1011 745 1128 779 metu
1145 745 1219 779 aut
1236 738 1458 780 formidine
1472 738 1677 780 maleficio
1691 737 1788 780 sub-

199 818 439 865 moventur,
461 818 535 853 aut
551 811 828 867 praecipitem
848 811 893 853 in
914 827 1037 854 omne
1054 812 1190 854 scelus
1212 812 1418 867 impetum
1435 812 1605 854 sistunt.
1665 811 1787 854 Haec

194 886 303 941 juris
324 885 459 928 divini
480 885 642 941 agnitio
664 886 810 941 procul
831 886 946 928 omni
967 886 1095 928 dubio
1116 887 1369 942 principium
1390 886 1520 929 habet
1541 887 1594 928 ab
1614 886 1789 943 ingene-

197 961 301 1003 ratis
322 976 347 1002 a
367 967 520 1002 natura
540 959 718 1013 notitiis,
741 976 849 1015 quae
874 960 1038 1002 ratione
1069 968 1112 1003 et
1143 977 1268 1002 sensu
1298 961 1603 1016 provehuntur,
1626 969 1670 1004 et
1690 976 1787 1003 cum

197 1042 338 1078 aetate
361 1041 608 1078 accrescunt
628 1034 673 1075 in
695 1050 787 1076 eam
809 1035 1070 1091 agnitionem
1089 1035 1283 1090 justitiae
1305 1035 1487 1089 divinae,
1510 1042 1554 1078 et
1581 1035 1787 1078 scelerum

198 1109 458 1153 conscientia
485 1116 650 1151 mentes
670 1109 889 1151 hominum
920 1109 1173 1152 constrictae
1204 1116 1445 1151 teneantur.
1503 1109 1651 1165 Atque
1680 1110 1786 1152 haec

196 1184 406 1241 generalis
428 1190 493 1226 est
508 1183 676 1240 generis
692 1183 879 1237 humani,
902 1183 946 1225 in
962 1183 1040 1226 hac
1057 1184 1295 1226 miseranda
1309 1184 1451 1239 lapsus
1467 1184 1600 1237 ruina,
1618 1183 1786 1226 convic-

195 1259 272 1313 tio,
294 1259 410 1315 quod
430 1258 584 1313 impiae
605 1257 649 1298 in
670 1257 826 1311 Deum,
850 1273 977 1314 quem
1007 1265 1159 1300 natura
1180 1258 1398 1315 cognitum
1426 1258 1597 1312 habent,
1619 1257 1786 1313 injusti-

193 1332 280 1376 tiae
302 1332 376 1386 rei,
394 1331 626 1374 voluntatis
642 1347 668 1373 a
682 1331 778 1374 Deo
794 1332 1026 1386 aversione,
1044 1332 1198 1375 mentis
1215 1333 1326 1375 circa
1346 1332 1489 1374 Deum
1506 1332 1785 1387 aberratione,

194 1407 409 1450 dictorum
430 1413 474 1449 et
494 1407 703 1449 factorum
734 1413 882 1449 contra
901 1407 1045 1449 Deum
1076 1414 1251 1449 externa
1272 1398 1568 1461 ὲιδωλομανὶας
1588 1406 1786 1449 deformi.

193 1489 285 1524 tate
306 1497 382 1524 seu
406 1481 670 1524 absurditate
700 1488 922 1524 accersunt
953 1481 1045 1534 sibi,
1072 1488 1116 1523 et
1146 1481 1267 1537 quasi
1297 1488 1553 1536 extorquent
1573 1496 1599 1523 a
1619 1497 1783 1524 summo

186 1556 333 1612 judice
354 1555 565 1612 triplicem
586 1555 763 1611 triplicis
784 1556 967 1611 injustae
996 1556 1041 1597 in
1065 1556 1208 1598 Deum
1237 1556 1469 1612 impietatis
1490 1546 1779 1611 οἷντιμισῧῖαν,

192 1646 277 1686 qua
297 1630 434 1686 seipse
456 1637 658 1685 tanquam
681 1630 898 1673 carnifices
919 1630 1108 1673 afficiunt
1130 1637 1173 1672 et
1193 1631 1400 1686 plectunt,
1423 1631 1496 1672 sed
1516 1630 1578 1672 ita
1598 1631 1783 1686 quidem,

191 1711 240 1747 ut
260 1720 397 1761 paena
418 1704 568 1760 culpae
589 1705 768 1761 analoga
787 1705 955 1761 culpam
976 1712 1145 1762 augeat,
1168 1713 1212 1748 et
1231 1705 1495 1761 impietatem
1517 1711 1562 1747 et
1581 1705 1786 1760 injustiti-

191 1794 259 1820 am
289 1778 511 1821 hominum
540 1793 654 1821 nova
682 1779 916 1835 impietatis
937 1786 981 1822 et
1001 1779 1237 1835 injustitiae
1257 1779 1496 1822 accessione
1527 1779 1715 1822 cumulet
1738 1778 1784 1822 in

189 1852 459 1906 immensum,
482 1859 526 1895 et
546 1867 643 1895 cum
675 1853 870 1908 scientes,
901 1855 1133 1910 prudentes
1155 1854 1217 1896 ita
1237 1860 1416 1910 peccent
1445 1853 1491 1895 in
1510 1853 1653 1896 Deum
1675 1860 1720 1896 et
1739 1853 1785 1896 in

189 1942 234 1969 se
266 1926 476 1981 homines,
512 1942 599 1970 non
632 1935 812 1983 possunt
847 1943 932 1970 non
968 1943 1060 1971 esse
1090 1927 1413 1971 inexcusabiles.
1488 1927 1618 1971 Unde
1654 1928 1785 1971 infert

189 2001 407 2057 apost-olus
428 2001 551 2043 initio
573 2002 749 2044 secundi
769 2002 921 2058 capitis
938 1991 992 2045 ex
1010 2002 1091 2045 hoc
1113 2003 1409 2056 antecedente,
1427 2017 1571 2045 omnes
1592 2002 1784 2045 homines

189 2080 290 2118 sunt
310 2074 473 2130 injusti.
532 2075 651 2131 Ergo
673 2083 717 2118 et
737 2083 787 2118 tu
806 2076 1031 2132 hypocrita
1055 2076 1245 2132 quisquis
1267 2092 1325 2131 es,
1347 2076 1422 2132 qui
1452 2076 1562 2119 belle
1583 2076 1688 2119 vitia
1707 2082 1783 2119 tua

187 2148 440 2202 dissimulas,
463 2156 507 2191 et
527 2149 734 2192 virtutem
754 2166 803 2193 ac
825 2150 1147 2194 sanctimoniam
1177 2166 1277 2207 prae
1299 2157 1343 2193 te
1364 2150 1447 2193 fers
1477 2150 1654 2193 aliorum
1676 2150 1784 2211 yitia

185 2223 341 2266 acriter
362 2230 405 2267 et
427 2222 578 2267 acerbe
599 2223 848 2267 insectando
870 2231 914 2268 et
934 2225 1211 2282 objurgando,
1234 2240 1278 2268 es
1298 2223 1608 2268 inexcusabilis.
