1887 3188
206 200 289 240 452
808 214 1188 257 COMMENTARIUS,

206 331 410 374 constitui
416 333 568 387 justos,
585 341 628 376 et
641 334 845 376 constitui
860 335 1039 390 injustos
1053 344 1337 393 opponuntur,
1356 338 1430 379 sed
1443 344 1741 393 comparantur
1753 335 1797 377 in

207 405 484 449 similitudine
505 408 811 451 contrariorum
828 409 1073 452 effectorum
1089 427 1100 460 3
1123 419 1171 453 ut
1192 411 1481 454 inobedientia
1498 411 1622 453 unius
1638 410 1797 452 Adami

206 480 430 523 constituit
446 482 602 525 multos
618 492 873 538 peccatores,
897 484 956 527 sic
973 485 1102 526 etiam
1119 485 1361 528 obedientia
1378 486 1500 528 unius
1519 485 1679 529 Christi
1690 484 1799 539 justi

207 555 524 598 constituentur
563 557 719 607 multi;
763 558 837 600 ubi
877 559 1033 600 multos
1073 559 1117 600 in
1157 560 1318 615 protasi
1357 561 1410 603 de
1451 560 1646 602 omnibus
1687 559 1798 600 dixit

207 628 461 673 hominibus.
524 630 742 674 Constitui
762 639 1019 687 peccatores,
1052 640 1095 675 et
1116 634 1320 676 constitui
1334 635 1474 689 justos
1495 634 1605 676 dixit
1626 634 1797 686 electos,

205 703 334 759 idque
356 720 410 747 ex
430 721 515 747 una
534 706 660 748 unius
691 705 934 748 obedientia
955 715 998 748 et
1018 707 1319 761 inobedientia,
1350 717 1400 750 ut
1430 709 1610 750 sciamus
1636 708 1706 750 hic
1727 707 1798 763 agi

205 794 291 821 non
313 787 400 822 tam
431 780 484 822 de
514 780 775 834 inhaerente,
808 796 933 836 quam
964 782 1017 823 de
1044 781 1256 837 imputata
1279 782 1450 837 justitia
1469 783 1538 825 vel
1558 782 1796 837 injustitia3

205 868 302 895 cum
323 860 467 895 tamen
488 854 597 897 hanc
619 863 663 897 et
683 855 755 896 illa
775 863 1071 910 consequatur,
1103 856 1261 912 quippe
1285 857 1540 913 imputatam
1560 857 1796 899 inhaerens.

204 927 322 981 Ideo,
358 930 409 970 17
442 944 482 970 v.
517 944 644 984 supra
678 929 1006 971 redundantiam
1040 931 1203 986 gratiae
1237 938 1280 973 et
1316 931 1418 973 doni
1445 931 1641 986 justitiae
1661 931 1797 986 accipi

205 1002 327 1056 dixit,
367 1017 475 1058 quae
510 1003 678 1059 proprie
711 1005 764 1046 de
796 1004 1045 1047 inhaerente
1077 1004 1199 1047 nobis
1226 1005 1395 1060 justitia
1433 1006 1561 1061 (quae
1592 1021 1797 1062 perquam

204 1077 369 1133 pusilla,
392 1078 460 1120 vel
481 1078 525 1119 in
547 1078 822 1121 sanctissimis
843 1079 889 1120 in
909 1079 988 1122 hac
1009 1079 1118 1135 vita)
1142 1080 1226 1122 dici
1246 1095 1332 1122 non
1352 1087 1508 1136 potest,
1538 1080 1731 1136 quamvis
1751 1079 1797 1121 in

202 1152 348 1194 futura
382 1152 472 1195 vita
506 1160 603 1208 post
638 1153 988 1209 glorificationem
1023 1169 1109 1196 non
1144 1155 1373 1196 admodum
1408 1155 1517 1198 male
1553 1155 1793 1204 diceretur3

202 1242 351 1269 verum
383 1227 487 1270 haec
520 1228 804 1270 redundantia
837 1228 927 1271 sive
960 1228 1236 1271 exuberantia
1265 1230 1443 1286 gratuiti
1473 1229 1574 1272 doni
1599 1229 1795 1284 justitiae

203 1301 320 1344 dicta
349 1309 415 1344 est
445 1318 572 1358 supra
601 1303 740 1359 gratia
760 1303 846 1345 Dei
876 1311 920 1345 et
950 1304 1110 1345 donum
1139 1319 1216 1360 per
1245 1304 1426 1361 gratiam
1456 1304 1582 1346 unius
1611 1303 1794 1346 hominis

202 1376 303 1418 Iesu
335 1376 509 1430 Christi,
544 1384 592 1419 ut
622 1377 782 1419 nemini
813 1377 990 1419 dubium
1020 1378 1200 1433 amplius
1232 1394 1322 1421 esse
1351 1379 1499 1434 possit,
1529 1378 1611 1420 nisi
1642 1385 1794 1434 sponte

202 1451 460 1494 caecutienti
490 1467 583 1494 eam
613 1451 688 1493 uni
710 1450 882 1494 Christo
913 1453 1124 1494 duntaxat
1153 1453 1384 1506 inhaerere,
1416 1469 1494 1496 nec
1525 1453 1607 1495 alia
1629 1448 1794 1495 ratione

202 1525 271 1568 vel
288 1541 392 1579 esse,
413 1526 483 1568 vel
497 1526 589 1568 fieri
604 1533 806 1579 nostram,
823 1542 951 1581 quam
967 1526 1156 1582 gratuita
1170 1527 1464 1583 imputatione.
1518 1527 1794 1582 Comparavit

202 1606 344 1641 autem
362 1600 475 1642 inter
490 1616 535 1642 se
550 1600 774 1656 imparium
791 1601 1078 1654 contentione,
1096 1601 1232 1656 primo
1247 1601 1501 1656 injustitiam
1515 1601 1603 1644 sive
1620 1594 1794 1658 ’ταξάντ-

202 1684 328 1729 τωμα
351 1674 521 1728 Adami,
544 1690 640 1717 cum
655 1675 826 1729 justitia
847 1675 936 1717 sive
958 1675 1201 1717 obedientia
1223 1674 1397 1729 Christi,
1430 1682 1473 1717 et
1494 1676 1620 1717 docet
1641 1675 1728 1716 vim
1748 1682 1794 1718 et

201 1748 399 1791 meritum
431 1750 557 1804 hujus
577 1749 689 1791 illius
711 1749 754 1791 vi
775 1757 818 1791 et
838 1749 991 1792 merito
1015 1750 1151 1804 majus
1183 1765 1286 1803 esse,
1319 1757 1363 1792 et
1393 1749 1616 1803 efficacius,
1648 1765 1688 1791 v.
1712 1750 1765 1792 15
1779 1765 1792 1799 3

202 1823 389 1866 seeundo
410 1830 627 1879 comparat
647 1820 778 1880 κξῖμια
794 1824 1004 1879 judicium
1026 1825 1115 1867 sive
1135 1831 1301 1866 reatum
1322 1824 1481 1866 Adami
1501 1839 1599 1866 cum
1622 1823 1795 1878 justitia

204 1896 378 1950 Christi,
411 1905 621 1952 quatenus
643 1898 764 1940 nobis
785 1898 997 1954 imputata
1026 1914 1103 1941 nos
1133 1898 1275 1941 reddit
1295 1898 1485 1941 insontes
1516 1898 1595 1940 sub
1621 1897 1793 1940 nomine

204 1963 443 2028 δωξῆμιατθς
475 1979 518 2014 et
550 1964 819 2029 χαξᾶῑματος
851 1974 1101 2030 promiscue,
1138 1975 1349 2030 docetque
1384 1974 1478 2030 plus
1510 1973 1556 2015 in
1586 1973 1668 2016 hoc
1700 1987 1792 2015 esse

200 2045 355 2088 virium
376 2047 431 2089 ad
450 2062 527 2089 nos
549 2047 842 2102 absolvendos,
874 2064 1000 2104 quam
1022 2049 1067 2090 in
1086 2049 1159 2091 illo
1179 2056 1302 2091 reatu
1328 2049 1384 2091 ad
1410 2063 1488 2090 nos
1515 2048 1792 2101 damnandos,

201 2121 317 2175 quod
336 2130 479 2164 reatus
501 2121 557 2164 sit
577 2122 703 2164 unius
725 2122 922 2176 offensae,
944 2123 1154 2165 absolutio
1167 2139 1268 2165 vero
1284 2123 1340 2166 sit
1356 2139 1381 2165 a
1395 2122 1541 2165 multis
1561 2122 1792 2164 multarum

199 2195 675 2251 offensarum-reatibus,
697 2212 737 2239 v.
761 2199 840 2247 163
872 2213 921 2240 ao
947 2198 1076 2240 tertio
1097 2204 1314 2254 comparat
1334 2204 1526 2250 mortem,
1555 2197 1676 2251 cujus
1695 2210 1792 2252 reg-

200 2286 303 2313 num
323 2278 541 2327 grassatur
561 2287 615 2314 ex
635 2271 988 2315 condemnatione
1018 2279 1193 2328 propter
1211 2278 1378 2314 reatum
1399 2286 1452 2313 ex
1471 2270 1596 2312 unius
1617 2269 1790 2324 offensa,

199 2360 297 2387 cum
327 2345 429 2399 vita,
465 2345 586 2400 cujus
616 2361 796 2402 regnum
831 2353 897 2389 est
931 2346 1067 2389 multo
1098 2345 1308 2389 efficacius
1337 2351 1467 2400 atque
1500 2343 1706 2386 iflustrius
1736 2359 1791 2387 ex

193 2419 500 2473 justificatione
530 2427 705 2476 propter
723 2421 923 2463 meritum
947 2421 1142 2476 justitiae
1165 2419 1327 2463 Christi
1349 2419 1484 2475 gratis
1510 2418 1633 2462 nobis
1652 2418 1791 2475 impu-

198 2499 328 2546 tatae,
368 2495 419 2536 17
455 2509 496 2536 v.
571 2495 719 2550 Atque
759 2495 864 2537 haec
900 2495 953 2537 de
989 2495 1147 2550 dispari
1182 2493 1468 2537 contentione.
1519 2480 1790 2537 ‘Similitudo

196 2574 342 2610 autem
373 2567 477 2610 haec
507 2568 648 2610 omnia
676 2569 912 2625 conjungit,
944 2569 1054 2612 sicut
1085 2584 1138 2611 ex
1164 2567 1323 2610 Adami
1353 2567 1514 2610 offensa
1543 2573 1788 2611 contractus

197 2648 340 2684 reatus
380 2657 526 2684 omnes
565 2643 727 2685 addicit
766 2643 906 2697 morti,
947 2643 1009 2685 ita
1043 2641 1252 2685 absolutio
1293 2642 1346 2684 ab
1381 2641 1552 2685 offensis
1591 2641 1788 2684 omnibus

198 2732 251 2759 ex
276 2715 447 2772 justitia
477 2715 640 2758 Christi
665 2716 878 2772 imputata
902 2716 1111 2772 justificat
1141 2731 1286 2758 omnes
1317 2717 1539 2759 credentes
1569 2715 1625 2758 ad
1653 2715 1803 2758 vitam?

197 2799 413 2834 aeternam
434 2789 722 2843 obtinendam,
744 2805 785 2833 v.
801 2793 869 2833 18.
931 2790 1066 2845 Cujus
1087 2789 1376 2833 similitudinis
1397 2790 1518 2846 quasi
1538 2789 1802 2832 fundamen-'

198 2871 290 2907 tum
322 2858 454 2908 altera
484 2863 761 2907 similitudine
795 2864 1045 2919 illustratur,
1079 2864 1306 2907 nimirum:
1345 2864 1468 2908 Sicut
1497 2862 1801 2907 inobedientia-
