1887 3188
157 211 240 251 514
700 221 1079 263 COMMENTARIUS,
1101 221 1200 251 mc.

159 341 330 385 Christo
350 341 563 384 Romanos
592 343 900 395 commendans,
931 349 1019 384 tam
1050 357 1138 396 nos,
1161 358 1287 398 quam
1311 343 1403 385 illos
1430 359 1505 385 suo
1538 344 1729 400 exemplo

157 417 282 459 docet
302 417 381 460 hoc
402 432 535 473 genus
557 417 868 460 daemoniorum
891 419 958 473 (ut
980 417 1174 460 Christus
1204 417 1283 473 ait)
1306 418 1472 460 nonnisi
1493 418 1655 474 jejunio
1686 424 1730 461 et

157 491 352 548 precibus
372 491 608 548 profligari:
635 492 696 534 Et
717 492 845 535 solam
866 492 948 534 Dei
969 492 1147 548 gratiam
1168 491 1212 533 in
1234 491 1404 535 Christo
1424 493 1588 536 felicem
1608 490 1729 536 nobis

160 566 321 610 exitum
338 581 360 608 e
374 566 504 608 tantis
517 566 832 609 difficultatibus
847 566 989 622 largiri
1001 581 1135 622 posse.
1180 566 1326 621 Atque
1338 567 1442 610 haec
1456 567 1508 610 de
1521 567 1729 622 cautione,

158 642 227 685 cui
247 641 507 697 subjicienda
538 641 606 698 (ut
630 642 737 697 dixi)
765 641 971 698 generalis
992 640 1177 683 omnium
1207 641 1491 684 Ecclesiarum
1518 641 1728 696 salutatio,

159 723 202 760 et
222 716 469 759 nominatim
491 717 765 772 quarumdam
785 715 1009 757 illustrium
1029 730 1312 771 personarum,
1329 730 1424 758 cum
1438 716 1491 758 ad
1506 716 1730 758 fovendam

159 792 391 835 animorum
411 791 748 846 conjunctionem
768 797 971 844 mutuam,
993 796 1085 832 tum
1106 790 1159 831 ad
1189 789 1491 846 obsignandam
1520 797 1586 833 tot
1610 789 1730 846 quasi

159 865 534 922 subscriptionibus
571 865 793 921 superioris
826 864 1041 908 doctrinae
1088 865 1324 919 veritatem,
1354 881 1396 908 v.
1427 867 1467 907 2.
1545 865 1728 919 Tertius,

158 941 355 997 Apostoli
375 940 651 994 amanuensis,
673 940 746 996 qui
766 940 854 983 sive
876 939 1062 982 dictante
1084 939 1290 996 Apostolo
1312 940 1536 997 scripserit,
1558 940 1647 984 sive
1677 954 1730 984 ex

159 1015 249 1071 ejus
284 1007 550 1071 ἀυτογξάφῳ,
583 1014 842 1068 adversariis,
883 1014 1150 1070 descripserit
1184 1015 1292 1057 hanc
1330 1015 1579 1071 Epistolam,
1611 1029 1730 1057 suam

159 1106 325 1147 quoque
356 1091 651 1133 salutationem
683 1090 883 1133 adscribit
914 1083 948 1129 ἐν
973 1080 1110 1146 κυρίῳ,
1144 1104 1251 1144 quae
1271 1088 1400 1131 verba
1430 1088 1575 1131 referri
1603 1089 1731 1131 etiam

155 1173 334 1222 possunt
354 1166 408 1208 ad
429 1165 665 1222 scriptionis
685 1165 872 1219 verbum,
894 1180 934 1220 q.
957 1165 997 1206 d.
1019 1180 1062 1206 se
1089 1164 1197 1206 hanc
1218 1178 1386 1219 operam
1406 1162 1613 1219 Apostolo
1643 1178 1729 1206 non

156 1240 290 1282 solum
321 1246 493 1296 propter
523 1239 754 1282 Dominum
785 1239 1131 1292 accommodasse,
1153 1237 1228 1280 sed
1260 1238 1386 1280 etiam
1407 1231 1442 1277 ἓν
1465 1229 1588 1294 κυρίῳ
1615 1237 1657 1280 h.
1687 1252 1726 1281 e.

159 1314 319 1357 sincere
333 1321 376 1357 et
395 1314 479 1357 fide
500 1314 659 1371 optima
679 1321 722 1357 et
745 1313 904 1357 Christi
922 1313 1103 1370 Spiritus
1121 1328 1212 1369 ope.
1274 1312 1476 1368 Sequitur
1493 1312 1620 1356 Caius
1635 1312 1732 1355 hos-

157 1389 379 1446 pitalitatis
410 1388 579 1432 nomine
611 1388 1057 1442 commendatissimus,
1089 1387 1178 1430 sive
1210 1387 1404 1431 Derbaus
1424 1388 1549 1430 Pauli
1575 1403 1727 1442 comes,

158 1464 260 1507 Act.
281 1480 371 1521 cap.
392 1480 462 1507 xx.
484 1480 524 1507 v.
544 1466 585 1517 4,
607 1464 695 1507 sive
714 1464 909 1518 Macedo,
929 1463 1029 1506 Act.
1051 1478 1141 1519 cap.
1162 1462 1248 1504 xix.
1269 1479 1310 1505 v.
1331 1465 1399 1516 29,
1422 1464 1510 1505 sive
1532 1462 1731 1506 Corinth-

158 1539 224 1582 ius
249 1554 376 1595 quem
395 1539 553 1581 Paulus
582 1539 672 1595 ipse
700 1538 944 1595 baptizavit,
968 1541 990 1580 1
1015 1537 1112 1581 Cor.
1133 1553 1223 1593 cap.
1244 1537 1300 1587 i.;
1330 1538 1445 1593 quod
1473 1544 1731 1594 postremum

160 1621 225 1657 est
244 1614 425 1657 maxime
445 1613 671 1671 probabile,
691 1629 769 1657 nec
789 1629 874 1656 non
904 1612 1100 1656 Corinthi
1129 1612 1328 1668 scriptam
1346 1612 1455 1655 hanc
1474 1612 1729 1668 Epistolum,

161 1690 186 1731 2
209 1688 307 1732 Cor.
328 1705 419 1746 cap.
439 1689 512 1731 xii.
533 1705 574 1732 v.
597 1690 663 1742 14,
695 1695 738 1731 et
757 1687 857 1731 Act.
879 1690 946 1731 20.
1006 1688 1152 1743 Atque
1172 1687 1280 1730 hanc
1302 1686 1429 1730 etiam
1461 1686 1727 1741 Corinthum,

158 1764 355 1821 sequenti
367 1779 492 1807 versu
506 1763 620 1806 urbis
633 1763 801 1806 nomine
817 1763 1067 1820 appellatam
1088 1762 1278 1819 intelligo
1295 1778 1305 1804 z
1327 1762 1446 1817 cujus
1463 1777 1726 1816 oeconomus,

161 1840 191 1882 i.
213 1855 249 1882 e.
270 1839 340 1882 vel
360 1846 527 1882 curator
545 1839 615 1882 vel
633 1845 889 1895 procurator,
911 1838 945 1880 si
965 1837 1103 1879 minus
1124 1843 1332 1892 quaestor,
1348 1836 1589 1879 nominatur
1603 1836 1732 1879 Eras-

160 1922 244 1957 tus.>
302 1914 512 1970 Denique,
533 1929 575 1956 v.
597 1915 665 1971 24,
695 1913 783 1969 jam
810 1912 938 1955 tertio
964 1912 1046 1954 illis
1076 1911 1275 1955 valedicit
1302 1927 1397 1954 cum
1429 1911 1650 1967 precibus3
1680 1925 1730 1955 ac

158 1996 371 2046 postremo
390 1988 619 2046 gratiarum
640 1988 804 2031 actione
819 1986 1054 2044 Epistolam
1068 1986 1238 2040 claudit,
1255 2001 1362 2042 quae
1378 1986 1562 2028 clausula
1581 1985 1625 2027 in
1641 1985 1733 2041 qui-

159 2064 337 2107 busdam
357 2063 570 2107 codicibus
591 2078 682 2119 cap.
701 2065 766 2117 14,
782 2062 857 2104 fini
871 2061 1089 2104 attexitur.
1151 2060 1306 2104 Sensus
1321 2067 1398 2114 est,
1414 2060 1509 2103 Deo
1525 2060 1580 2103 sit
1594 2060 1732 2117 gratia

160 2154 237 2196 per
254 2139 397 2182 Iesum
420 2137 650 2181 Christum.
708 2137 911 2180 Rationes
942 2143 1052 2190 sunt,
1074 2136 1174 2192 quia
1193 2136 1304 2179 solus
1323 2142 1464 2192 potest
1488 2135 1731 2178 confirmare

161 2214 207 2256 in
226 2213 359 2268 nobis,
381 2228 507 2269 quam
527 2212 658 2266 dedit,
678 2211 778 2254 fidei
798 2211 1093 2265 obedientiam,
1114 2211 1213 2266 quia
1242 2210 1352 2253 solus
1382 2209 1585 2253 revelavit
1610 2208 1730 2252 nobis

158 2288 263 2331 illud
283 2288 566 2345 Evangelium
586 2286 847 2344 mysterium,
869 2286 983 2342 quod
1011 2301 1036 2328 a
1065 2285 1323 2341 temporibus
1352 2284 1532 2327 aeternis
1552 2283 1730 2326 tacitum

158 2363 253 2417 fuit,
274 2363 389 2420 quod
409 2362 624 2406 obscurius
654 2362 700 2403 in
728 2361 863 2405 veteri
883 2361 1170 2414 Testamento,
1191 2359 1235 2401 in
1254 2359 1381 2402 Novo
1407 2358 1593 2401 reddidit
1613 2358 1728 2401 illus-

158 2437 278 2492 trius,
299 2437 398 2494 quia
417 2437 529 2480 solus
549 2436 726 2493 sapiens,
749 2442 830 2478 etc.
888 2435 978 2478 Ubi
1008 2434 1241 2478 doctrinam
1261 2433 1360 2476 fidei
1387 2439 1512 2476 vocat
1531 2432 1729 2490 Evange-

159 2512 264 2555 lium
297 2527 433 2566 suum,
469 2518 513 2555 et
546 2511 899 2569 praedicationem
940 2509 1101 2554 Christi
1129 2507 1424 2552 revelationem
1455 2507 1646 2564 mysterii
1674 2506 1728 2550 ab

157 2594 330 2630 aeterno
360 2585 505 2629 taciti:
532 2586 741 2642 hujusque
774 2584 1041 2628 revelationis
1075 2584 1252 2641 gradum
1272 2581 1494 2638 duplicem,
1517 2581 1727 2625 obscurio-

158 2677 247 2706 rem
261 2677 338 2719 per
354 2661 593 2718 prophetas,
613 2660 881 2703 illustriorem
899 2674 976 2716 per
996 2657 1213 2702 Christum
1229 2663 1272 2700 et
1291 2656 1532 2713 Apostolos,
1550 2671 1726 2713 eamque

161 2752 216 2781 ex
235 2736 411 2794 imperio
429 2735 560 2795 ipsius
579 2735 676 2790 Dei,
698 2735 752 2777 ad
772 2734 982 2777 efficacem
1004 2733 1209 2777 Gentium
1229 2731 1504 2775 vocat-ionem.

852 2875 999 2929 Τέλος.
