1887 3188
624 184 724 214 CAP.
748 185 849 213 xm.
876 174 953 222 143
986 186 1081 214 mv.
1106 175 1143 214 4.
1586 175 1665 216 501

90 285 264 341 proinde
286 302 360 342 pro
381 302 575 329 mensura
603 287 702 328 fidei
722 287 765 328 in
787 288 877 329 istis
909 288 1244 331 indifferentibus
1267 305 1318 331 ex
1339 289 1544 332 charitate
1575 306 1669 332 ver-

89 362 279 403 sandum.
338 362 437 404 Duo
457 376 612 418 genera
642 361 791 418 selegit
812 378 886 418 pro
913 364 1117 419 exemplo,
1149 364 1359 406 delectum
1390 380 1446 407 sc.
1477 365 1666 407 ciborum

89 444 132 479 et
153 436 328 479 dierum.
387 436 702 479 Abstinendum
724 445 813 480 erat
836 453 886 480 ex
907 438 1001 494 lege
1022 439 1121 480 olim
1142 439 1245 481 cibis
1276 440 1527 495 quibusdam
1557 442 1664 483 veti-

86 511 154 565 tis,
177 518 220 554 et
240 512 329 554 dies
351 511 522 567 quidam
541 512 627 554 ritu
648 512 842 569 religioso
873 513 1148 563 observandi3
1180 515 1294 569 quod
1324 515 1548 557 discrimen
1575 523 1663 558 tam

84 587 259 641 dierum,
281 603 407 643 quam
428 587 616 630 ciborum
636 587 757 644 Lege
785 588 955 643 quidem
985 595 1269 645 praeceptum,
1301 596 1365 632 est
1395 590 1662 645 antiquatum

82 661 331 719 Evangelio.
391 662 576 705 Proinde
611 678 707 705 cum
737 663 781 704 in
810 663 1003 706 Ecclesia
1032 664 1224 707 Romana
1253 664 1409 707 fuerint
1440 665 1510 707 alii
1539 665 1660 720 firmi,

82 737 235 793 quibus
251 738 469 794 cognitum
484 738 691 780 libertatis
715 737 980 782 Christianae
997 739 1245 782 beneficium
1260 756 1270 790 3
1293 740 1363 781 alii
1383 740 1521 783 minus
1537 740 1659 795 firmi,

80 812 232 868 quibus
253 814 438 856 nondum
460 814 646 857 innotuit
661 814 989 858 ceremoniarum
1006 814 1235 872 abrogatio,
1257 822 1306 857 ut
1327 831 1434 871 quae
1455 816 1659 859 divinitus

80 888 179 931 olim
193 889 449 932 constitutae
467 897 509 932 et
523 890 707 932 sancitae
724 897 888 940 essent3
911 890 954 931 hi
970 890 1159 933 rudiores
1177 906 1228 932 ex
1244 890 1437 945 Judaeis,
1454 891 1514 932 illi
1529 891 1658 933 firmi-

80 978 172 1006 ores
190 980 242 1006 ex
260 963 472 1008 Gentibus
485 965 629 1008 fideles
643 965 842 1008 videntur
861 965 1001 1008 fuisse.
1051 965 1319 1008 Adhortatur
1340 982 1439 1023 ergo
1452 966 1656 1010 firmiores

79 1054 132 1081 ex
150 1038 362 1082 Gentibus
378 1055 432 1082 ne
447 1047 720 1083 contemnant
742 1056 794 1083 ex
813 1040 1001 1083 Judaeis-
1013 1040 1198 1083 infirmos
1216 1057 1226 1091 ;
1249 1048 1292 1083 et
1307 1056 1449 1084 rursus
1464 1042 1497 1084 J
1500 1043 1656 1085 udaeos

78 1112 264 1156 infirmos
277 1114 471 1157 hortatur
484 1115 625 1157 firmos
643 1130 694 1158 ex
709 1114 922 1158 Gentibus
938 1131 991 1158 ne
1007 1116 1302 1158 condemnent.
1355 1110 1653 1174 Πξοσλοιμιβοί-

79 1181 221 1227 νεοθαι
240 1195 304 1231 est
317 1204 527 1232 assumere
540 1190 583 1231 in
598 1190 841 1232 societatem
857 1196 900 1232 et
913 1190 1249 1233 communionem
1262 1190 1388 1244 vitae,
1403 1199 1445 1233 et
1459 1192 1522 1233 uti
1535 1192 1654 1234 fami-

74 1262 246 1306 liariter.
309 1256 550 1321 Διακξίσεις
565 1281 649 1308 non
661 1271 749 1307 tam
762 1265 1004 1319 certamina,
1021 1281 1147 1320 quam
1164 1265 1498 1320 dijudicationes,
1513 1273 1556 1309 et
1569 1267 1653 1309 dis—

73 1339 334 1394 ceptationes
348 1340 568 1396 significat,
577 1340 728 1396 quibus
742 1340 957 1396 scrupulos
971 1341 1237 1383 conscientiis
1251 1357 1303 1383 ex
1317 1341 1593 1398 ambiguitate
1607 1348 1652 1384 et

3 1451 9 1456 .
72 1413 337 1457 dubitatione
349 1415 548 1470 injicitur,
559 1415 690 1457 veluti
698 1430 793 1457 cum
808 1415 1062 1471 disputando
1076 1422 1150 1458 aut
1163 1416 1403 1459 altercando
1411 1417 1504 1472 quis
1517 1417 1652 1460 incer-

72 1488 155 1531 tior
171 1489 326 1532 evadit.
368 1489 470 1533 Ver.
488 1492 527 1544 2,
545 1490 786 1533 distributio
801 1490 1016 1533 firmorum
1033 1497 1076 1533 et
1091 1490 1350 1533 infirmorum
1370 1492 1415 1534 in
1434 1492 1518 1535 fide
1539 1493 1650 1536 circa

41 1590 53 1602 ι
71 1564 283 1607 delectum
297 1565 498 1615 ciborum3
517 1568 542 1608 3
556 1581 668 1619 vero,
683 1566 892 1621 quomodo
905 1572 1084 1621 uterque
1099 1581 1142 1608 se
1155 1581 1301 1623 gerere
1315 1567 1421 1609 alter
1434 1583 1533 1624 erga
1545 1568 1649 1611 alte-

69 1654 162 1681 rum
179 1639 332 1682 debeat
346 1640 613 1696 praecipitur,
630 1656 683 1683 ne
699 1640 842 1682 firmus
858 1640 1068 1682 infirmum
1085 1647 1340 1695 contemnat,
1357 1658 1464 1685 neve
1479 1643 1646 1686 firmum

69 1713 259 1757 infirmus
272 1715 538 1758 condemnet.
580 1714 740 1758 Probat
752 1715 867 1771 prius
884 1715 1118 1758 membrum
1133 1732 1142 1757 ε
1160 1715 1279 1759 Deus
1296 1732 1392 1759 eum
1405 1719 1644 1774 assumpsit,

68 1789 186 1846 Ergo
218 1805 243 1832 a
274 1797 317 1833 te
350 1805 517 1846 quoque
548 1791 823 1833 assumendus
856 1797 920 1833 est
951 1790 1153 1844 infirmus,
1186 1806 1264 1834 nec
1296 1793 1644 1848 contemnendus,

67 1866 188 1922 quasi
203 1881 268 1909 res
284 1866 416 1921 nihili,
433 1866 547 1922 quod
567 1866 776 1923 significat
796 1866 970 1908 verbum
993 1859 1243 1914 ἐξουθενεῖτω,
1267 1883 1351 1924 quo
1371 1868 1530 1922 factum
1549 1883 1645 1925 per-

65 1941 236 1998 stringit
257 1957 413 1995 eorum,
435 1941 508 1998 qui
527 1941 677 1984 fratres
697 1941 943 1984 infirmiores
959 1957 1058 1998 prae
1075 1958 1119 1985 se
1135 1942 1474 1986 contemnebant.
1534 1943 1643 1986 Ver-

64 2017 166 2059 bum
184 2009 464 2073 προσελάβετο
484 2017 586 2060 facit
604 2017 674 2060 hic
695 2025 738 2060 et
755 2032 841 2060 ver.
861 2018 898 2071 1,
919 2024 969 2060 ut
989 2017 1044 2059 ad
1063 2017 1178 2074 prius
1194 2018 1427 2061 membrum
1448 2019 1639 2074 referam,

63 2100 113 2135 ut
137 2100 182 2135 et
211 2093 480 2149 participium
510 2083 656 2150 κρίνων,
689 2107 777 2136 ver.
809 2094 849 2147 4,
882 2108 1009 2149 quem
1039 2092 1295 2150 interpretor
1325 2093 1378 2136 de
1409 2095 1640 2151 posteriore

62 2168 250 2211 membro
269 2175 320 2210 ut
340 2167 394 2210 sit
414 2167 535 2221 ratio,
556 2183 631 2211 cnr
649 2167 896 2221 non-edens,
927 2167 1016 2210 sive
1035 2167 1225 2211 infirmus
1246 2169 1444 2212 edentem
1473 2185 1548 2212 seu
1571 2170 1641 2212 fir-

62 2257 178 2285 mum
207 2243 486 2294 condemnet3
515 2242 595 2286 hoc
628 2243 739 2285 enim
769 2249 834 2286 est
867 2234 889 2281 ὅ
909 2232 1041 2299 κείνων
1072 2243 1298 2300 repetitum
1329 2258 1382 2286 ex
1407 2243 1638 2300 posteriore

61 2317 263 2361 membro.
321 2318 535 2361 Damnare
554 2317 624 2361 hic
645 2333 745 2375 ergo
766 2324 830 2361 est
851 2325 1052 2374 tanquam
1071 2317 1290 2374 profanum
1315 2318 1506 2373 judicare
1527 2334 1637 2374 eum,

61 2391 135 2448 qui
154 2393 473 2437 ceremonialem
491 2393 629 2450 legem
649 2392 969 2449 transgreditur,
991 2393 1044 2436 de
1065 2392 1276 2436 sententia
1295 2393 1449 2435 infirmi
1463 2393 1636 2437 Judaei.

59 2467 201 2511 Nemo
215 2474 470 2524 potestatem
484 2469 614 2512 habet
628 2468 672 2510 in
688 2483 855 2511 servum
871 2468 1066 2522 alienum,
1087 2474 1137 2510 ut
1157 2483 1254 2511 eum
1273 2469 1470 2520 damnet3
1493 2468 1638 2513 Chris-

60 2542 202 2586 tianus
232 2558 286 2586 ex
307 2542 518 2587 Gentibus
539 2551 605 2587 est
634 2558 779 2587 servus
809 2543 982 2596 alienus,
1018 2543 1175 2600 quippe
1205 2542 1379 2598 Christi,
1410 2559 1511 2602 ergo
1537 2560 1564 2588 a
1592 2551 1636 2588 te

61 2617 232 2661 Judaeo
263 2633 348 2661 non
379 2618 654 2662 damnandus.
729 2617 816 2662 Sed
847 2633 954 2674 quae
990 2617 1180 2674 sequitur
1213 2618 1334 2673 ratio,
1373 2619 1544 2662 videtur
1583 2620 1636 2663 de

59 2693 225 2736 infirmo
245 2693 342 2747 dici,
362 2700 534 2750 propter
553 2693 878 2750 disjunctionem
898 2693 1039 2736 standi
1062 2700 1136 2736 aut
1165 2693 1370 2744 cadendi3
1403 2701 1446 2737 et
1475 2709 1637 2737 correc-

59 2767 232 2825 tionem,
273 2767 523 2812 Stabilietur
560 2775 701 2811 autem
718 2785 729 2819 3
771 2775 815 2812 et
853 2767 1060 2811 rationem
1099 2768 1349 2812 correctioni
1388 2767 1633 2824 subjectam,

58 2843 222 2898 Potest,
244 2843 369 2897 enim,
390 2842 509 2886 Deus
534 2842 733 2898 stabilire,
755 2843 834 2887 viz.
856 2859 952 2887 eum
973 2843 1046 2900 qui
1066 2844 1254 2886 nondum
1274 2850 1339 2886 est
1369 2843 1470 2895 satis
1489 2844 1634 2887 firmus
