1887 3188
169 205 254 246 490
771 214 1151 254 COMMENTARms,

168 335 253 377 Dei
274 333 431 389 scripto
452 332 779 389 patefactionem
801 333 1011 390 exigenda
1031 340 1096 376 est
1117 340 1261 376 nostra
1281 333 1417 376 omnis
1448 332 1726 376 sanctificatio
1742 348 1753 382 3

166 424 252 451 non
273 409 328 450 ad
347 408 554 450 rationem
582 408 833 461 naturalem,
855 409 929 450 sed
951 408 1006 450 ad
1028 408 1236 464 Spiritum
1262 408 1360 461 Dei,
1382 414 1432 450 ut
1451 414 1596 450 noster
1615 406 1756 449 cultus

167 498 253 524 non
270 482 485 524 rationalis
502 481 570 534 sit,
593 482 667 523 sed
690 482 944 537 Spiritualis.
1003 482 1151 537 Atque
1171 482 1275 524 haee
1297 488 1396 524 sunt
1418 498 1471 524 ex
1490 497 1576 524 uno
1594 480 1756 524 Christi

170 556 374 600 sacrificio
401 556 723 612 proficiscentia,
756 562 799 598 et
829 556 977 598 relicta
1008 555 1262 598 Christianis
1292 556 1486 598 omnibus
1516 554 1757 598 communia

171 630 387 674 sacrificia.
461 630 515 671 In
550 629 864 672 conditionibus
899 635 1093 671 sanctum
1125 629 1313 685 profano,
1349 636 1571 685 acceptum
1605 629 1756 680 inviso,

170 704 389 761 spirituale
419 703 588 756 carnali,
615 703 704 745 sive
724 703 1032 758 praescriptum
1052 702 1173 745 verbi
1191 703 1278 745 Dei
1296 703 1491 745 humanis
1520 702 1760 745 traditioni-

171 779 250 821 bus
272 778 512 834 opponitur.
573 776 690 819 Pene
711 777 867 819 oblitus
889 792 982 819 sum
1003 784 1179 832 quartae
1195 777 1462 830 conditionis,
1484 791 1593 832 quae
1613 775 1760 819 ordine

172 853 321 909 prima,
344 852 388 893 in
409 851 627 894 victimam
648 851 790 893 vivam
806 867 817 901 3
849 851 1006 907 opponi
1033 851 1202 894 videtur
1221 850 1406 893 victimis
1425 850 1632 906 legalibus
1652 864 1763 892 mor-

172 927 271 979 tuis,
305 926 421 981 quod
450 926 554 968 haec
586 925 788 967 mactatio
820 925 978 967 veteris
1007 925 1190 967 hominis
1219 941 1296 967 nos
1327 925 1528 978 vivificet,
1556 924 1762 979 vivosque

173 1001 326 1044 reddat
360 999 404 1042 vi
438 1000 553 1041 vitae
589 998 752 1041 Christi
786 999 979 1041 redivivi.
1038 999 1156 1042 Huic
1190 999 1506 1042 mortificationi
1536 998 1764 1055 opponitur

177 1066 605 1130 συσσχηματίζσεῧαι
636 1068 695 1128 τῷ
726 1066 835 1112 &aaut
866 1065 1016 1128 τοὺτῳ,
1039 1073 1292 1129 configurari
1313 1073 1479 1116 saeculo
1506 1072 1619 1126 huic,
1644 1071 1765 1128 quasi

177 1150 303 1192 simili
322 1149 474 1191 habitu
492 1148 625 1202 indui,
650 1156 693 1190 et
712 1149 867 1190 referre
888 1148 1071 1204 speciem
1086 1148 1396 1190 mundanorum
1411 1147 1642 1200 hominum,
1662 1161 1767 1202 quo-

175 1239 267 1265 rum
287 1223 504 1278 opiniones
519 1238 595 1278 pro
613 1223 806 1278 exemplo
820 1222 934 1264 vitae
951 1228 994 1264 et
1010 1237 1173 1265 morum
1189 1228 1310 1265 vetat
1324 1222 1457 1264 indui.
1498 1221 1621 1263 Nihil
1633 1221 1766 1277 igitur

174 1297 322 1353 magis,
337 1297 517 1339 dedecet
531 1296 835 1349 Christianum,
850 1303 924 1338 aut
938 1296 1123 1338 alienum
1136 1296 1189 1338 ab
1206 1296 1296 1350 ejus
1310 1295 1459 1348 officio,
1474 1310 1602 1350 quam
1616 1294 1766 1337 mundi

179 1372 319 1427 hujus,
343 1363 384 1416 ὁς
408 1364 443 1410 ἐν
464 1365 524 1425 τῷ
546 1366 696 1426 πονηρῷ
719 1368 868 1418 κεῖται,
891 1371 1098 1420 imitatio;
1129 1371 1190 1413 ita
1207 1370 1319 1413 enim
1339 1370 1498 1412 mundo
1513 1370 1766 1412 versandum

177 1446 313 1499 nobis,
334 1455 384 1487 ut
404 1445 449 1486 in
469 1445 706 1497 sententiis,
729 1453 772 1487 et
794 1445 932 1497 dictis,
955 1451 999 1487 et
1029 1444 1165 1497 factis,
1187 1444 1278 1487 vita
1302 1444 1486 1499 denique
1511 1450 1556 1486 et
1580 1443 1766 1486 moribus

180 1519 449 1563 dissimillimi
469 1519 788 1574 comperiamur.
848 1519 965 1561 Huic
986 1519 1200 1561 mundano
1220 1518 1386 1560 habitui
1408 1524 1451 1560 et
1472 1517 1770 1560 consuetudini

181 1594 358 1651 opponit
378 1584 710 1648 μεταμόξφωσιν,
737 1599 937 1636 externae
958 1593 1119 1648 figurae
1134 1593 1345 1635 internam
1358 1590 1772 1634 transformationem

180 1669 432 1711 facultatum
463 1667 726 1723 superiorum
755 1666 909 1709 mentis
931 1673 975 1709 et
995 1666 1228 1709 voluntatis
1256 1681 1281 1709 a
1303 1665 1468 1721 Spiritu
1493 1671 1772 1721 regenerante

180 1743 437 1800 profectum3
458 1749 508 1784 ut
527 1742 621 1797 ipsa
641 1741 770 1783 etiam
790 1740 1007 1783 actionum
1022 1741 1170 1797 regina
1184 1741 1395 1792 voluntas,
1414 1746 1458 1782 et
1472 1739 1582 1782 ratio
1602 1739 1774 1782 domina

183 1832 303 1860 suam
323 1817 444 1872 quasi
463 1815 642 1858 formam
663 1822 834 1868 exuant,
857 1822 902 1857 et
920 1815 1102 1857 induant
1121 1829 1277 1857 novam
1294 1813 1568 1869 spiritualem
1582 1813 1773 1867 formam,

184 1907 333 1935 verum
355 1905 462 1945 quae
487 1905 573 1932 non
603 1889 660 1932 sit
689 1889 873 1931 essentia
902 1889 1080 1942 animae,
1111 1889 1186 1931 sed
1217 1888 1398 1943 qualitas
1429 1887 1653 1930 essentiam
1683 1902 1779 1930 ves-

184 1966 296 2008 tiens
313 1971 357 2008 et
373 1979 539 2017 ornans,
561 1979 670 2018 quae
691 1962 1006 2006 transformatio
1022 1963 1177 2006 mentis
1199 1969 1244 2005 et
1263 1961 1496 2005 voluntatis
1512 1967 1596 2011 est3
1617 1967 1778 2006 utram,-

185 2055 268 2096 que
289 2039 402 2082 enim
422 2037 578 2080 mentis
599 2037 770 2079 nomine
791 2037 996 2093 intelligo,
1020 2038 1094 2080 sed
1115 2037 1340 2093 praecipue
1360 2035 1608 2081 facultatem
1627 2035 1778 2079 volun-

184 2114 301 2166 tatis,
337 2112 406 2155 cui
438 2111 681 2154 intellectus
711 2111 874 2166 praeire
906 2111 1035 2153 debet
1068 2111 1156 2154 veri
1189 2111 1348 2154 lumine
1382 2109 1630 2165 praelucens
1664 2109 1776 2152 bono

183 2185 417 2230 voluntatis
438 2185 619 2239 objecto,
641 2199 725 2239 quo
746 2185 943 2227 voluntas
963 2185 1008 2226 in
1028 2185 1073 2226 id
1093 2185 1356 2240 propendeat
1377 2178 1431 2230 εἰς
1453 2174 1504 2224 vi
1525 2176 1774 2239 δοκιμάζειν,

185 2268 237 2304 ut
268 2259 457 2316 probetis
490 2274 599 2314 quae
629 2258 686 2301 sit
709 2258 795 2300 Dei
824 2258 1036 2302 voluntas.
1095 2259 1240 2314 Hujus
1270 2257 1650 2302 transformationis
1679 2257 1775 2299 finis

187 2342 253 2378 est
288 2332 566 2378 conformatio
599 2348 696 2376 cum
716 2332 803 2375 Dei
833 2333 1068 2386 voluntate,
1098 2340 1148 2374 ut
1177 2340 1404 2389 postquam
1433 2331 1700 2387 exploratum
1733 2337 1778 2374 et

187 2415 452 2465 compertum
482 2407 768 2460 habuerimus,
790 2407 895 2462 quid
913 2407 1097 2450 voluerit
1116 2407 1251 2460 Deus,
1281 2406 1326 2448 id
1353 2405 1560 2461 approbet
1581 2411 1626 2448 et
1646 2405 1778 2462 eligat

188 2483 386 2526 voluntas
407 2488 553 2524 nostra
573 2481 654 2523 sibi
673 2481 874 2523 nimirum
893 2496 1008 2524 nunc
1034 2487 1084 2524 ut
1112 2487 1284 2537 gratum
1309 2487 1354 2522 et
1380 2486 1618 2535 acceptum.
1690 2479 1781 2525 Ita-

190 2571 276 2613 que
294 2556 492 2598 voluntas
512 2554 600 2598 Dei
625 2555 695 2597 hic
724 2555 900 2610 ponitur
926 2569 1004 2611 pro
1035 2570 1085 2597 eo
1115 2554 1231 2609 quod
1251 2553 1373 2596 Deus
1396 2553 1491 2596 vult
1520 2568 1598 2596 nos
1627 2552 1779 2607 facere,

190 2638 237 2676 et
255 2630 371 2687 quod
390 2629 538 2672 nolens
558 2629 830 2684 praescripsit
849 2628 973 2672 nobis
997 2628 1239 2673 faciendum
1266 2627 1348 2670 hoc
1377 2633 1524 2671 autem
1548 2626 1686 2674 tribus
1706 2627 1781 2674 ad-

185 2704 349 2762 junctis
383 2709 570 2756 ornatur,
605 2702 811 2756 bonitate,
844 2702 1150 2761 acceptatione,
1178 2708 1222 2744 et
1251 2701 1523 2757 perfectione,
1555 2716 1664 2756 quae
1697 2701 1781 2747 tria

193 2779 384 2836 pendent
403 2776 457 2820 ab
477 2775 692 2821 essentiali
717 2775 938 2819 voluntate
958 2775 1056 2829 Dei,
1078 2791 1186 2831 quae
1210 2782 1275 2818 est
1295 2776 1387 2832 ipsa
1405 2775 1574 2818 bonitas
1593 2774 1690 2819 Deo
1711 2789 1781 2822 ao-

192 2852 448 2910 eeptissima,
473 2851 518 2893 in
543 2865 587 2894 se
606 2849 927 2907 perfectissima,
949 2856 1078 2906 atque
1099 2851 1204 2895 adeo
1224 2851 1317 2907 ipsa
1334 2849 1553 2909 perfectio,
1574 2849 1679 2893 haec
1698 2848 1779 2905 igi-
