1887 3188
677 602 811 646 CAP.
843 602 880 644 I.
943 595 1162 657 Ε”λεγχοι.

174 777 410 820 Exordium
434 778 650 835 epistolae,
673 779 762 823 sive
783 781 1075 836 praeloquium
1096 781 1151 823 ad
1171 780 1296 837 primi
1317 778 1468 836 capitis
1492 780 1558 822 15.
1581 794 1621 821 v.
1646 778 1715 834 (ut

117 852 225 905 dixi)
236 854 502 904 extenditur3
520 854 719 897 nimirum
734 855 787 898 de
802 871 877 898 suo
891 856 1145 911 apostolatu,
1165 862 1208 898 et
1222 854 1364 898 studio
1381 870 1482 911 erga
1498 854 1714 896 Romanos

116 941 193 969 suo
210 943 263 969 ex
275 928 462 971 muneris
479 929 700 985 apostolici
715 930 922 986 fungendi
937 930 1206 973 necessitate.
1267 929 1390 972 Haec
1407 929 1492 971 duo
1508 944 1594 971 non
1611 927 1715 971 satis

115 1001 317 1045 distincte
339 1003 392 1045 ab
413 1003 717 1060 interpretibus
739 1005 1017 1060 explicantur,
1046 1004 1228 1061 pleriqui
1256 1004 1369 1047 enim
1388 1004 1611 1060 periodum
1632 1001 1718 1058 pri-

113 1091 239 1130 mam,
271 1093 379 1133 quae
406 1078 594 1121 finienda
621 1085 686 1121 est
707 1095 748 1121 v.
772 1083 810 1133 7,
835 1086 956 1134 parte
977 1079 1129 1133 media,
1161 1086 1261 1122 ante
1283 1078 1414 1121 verba
1445 1077 1625 1134 “gratia
1645 1077 1714 1130 sit,

114 1152 220 1194 etc.’'
252 1152 520 1195 confundunt
550 1169 648 1196 cum
678 1153 875 1209 sequenti
904 1153 1092 1209 periodo,
1124 1169 1233 1209 quae
1264 1153 1398 1196 altera
1421 1159 1543 1208 parte
1566 1151 1651 1195 7mi
1673 1167 1714 1194 v.

113 1225 370 1280 continetur,
388 1233 517 1282 atque
534 1227 595 1269 ita
610 1234 749 1270 totum
764 1227 844 1270 hoc
859 1227 1211 1283 comprehensum
1227 1226 1374 1283 primis
1394 1227 1500 1270 ‘Imis
1516 1243 1587 1269 vv.
1605 1226 1716 1268 salu—

113 1299 321 1343 tationem
341 1308 497 1344 vocant
517 1317 603 1344 non
623 1301 708 1344 levi
733 1317 900 1344 errore:
934 1301 1043 1345 Cum
1066 1301 1152 1344 sint
1172 1317 1322 1344 revera
1349 1303 1459 1344 duae
1486 1300 1715 1343 distinctae

114 1373 184 1430 (ut
213 1375 322 1430 dixi)
353 1382 396 1417 et
422 1375 573 1430 plenae
600 1375 776 1431 periodi,
806 1391 914 1431 quae
936 1376 990 1417 ad
1012 1376 1200 1418 diversas
1229 1382 1426 1432 spectant
1454 1374 1714 1425 sententias3

110 1449 226 1504 prior
240 1450 295 1492 ad
312 1449 640 1506 descriptionem
656 1449 938 1506 Apostolatus
955 1450 1126 1492 Paulini
1143 1466 1244 1507 erga
1259 1450 1490 1504 Romanos,
1506 1448 1718 1506 posterior

111 1523 166 1565 ad
187 1524 486 1567 salutationem
503 1520 694 1567 sanctam
711 1531 754 1567 et
771 1525 1059 1580 apostolicam,
1082 1540 1166 1580 qua
1182 1525 1343 1567 Paulus
1363 1524 1582 1578 Romanis,
1604 1523 1718 1566 bona

112 1598 255 1641 omnia
294 1598 530 1654 spiritualia
569 1600 837 1654 adprecatur.
897 1599 1141 1654 Utrobique
1183 1604 1248 1641 est
1280 1599 1401 1641 verbi
1441 1597 1628 1654 ellipsis3
1669 1597 1715 1639 in

111 1671 250 1728 priore
281 1664 430 1728 γράφει
457 1672 524 1715 vel
555 1664 802 1720 ἐπιστέλλει,
838 1678 888 1714 ut
919 1671 975 1714 sit
1004 1671 1223 1714 indicandi
1252 1671 1395 1714 modi:
1426 1670 1601 1724 Paulus,
1633 1670 1714 1712 8120.

112 1746 331 1801 Romanis,
365 1747 455 1790 sive
485 1747 649 1790 Romae
681 1746 878 1789 fidelibus
911 1745 1072 1789 scribit.
1131 1746 1338 1799 Docetur‚
1376 1744 1490 1788 enim
1520 1745 1615 1800 quis
1645 1744 1716 1787 cui

112 1820 283 1874 scribat,
305 1829 380 1863 aut
400 1821 547 1864 mittat
567 1821 676 1864 hanc
699 1821 934 1877 epistolam,
965 1836 1052 1863 non
1073 1820 1168 1876 quis
1196 1819 1266 1862 cui
1287 1819 1467 1862 salutem
1489 1818 1618 1872 dicat,
1640 1825 1716 1862 aut

112 1895 253 1938 fausta
272 1895 543 1952 imprecetur.
606 1894 729 1949 Quae
746 1910 846 1939 vero
861 1894 1104 1938 nominibus
1120 1893 1394 1949 adjiciuntur,
1415 1892 1579 1936 faciunt
1594 1908 1717 1949 apos-

111 1969 283 2013 tolicam
311 1985 414 2026 erga
440 1970 657 2012 Romanos
685 1969 960 2012 autoritatem
990 1985 1044 2013 ex
1064 1969 1289 2012 vocatione
1319 1968 1714 2022 commendandam,

111 2050 156 2087 et
196 2044 508 2101 impetrandam
549 2043 810 2086 audientiam
831 2060 843 2094 3
885 2044 992 2086 adeo
1031 2050 1082 2086 ut
1122 2059 1231 2099 quae
1271 2044 1326 2086 de
1365 2043 1618 2100 Evangelio,
1660 2043 1715 2085 de

113 2118 300 2173 Christo,
332 2119 471 2174 deque
498 2118 759 2175 Apostolatu
789 2118 999 2172 dicantur,
1030 2124 1118 2161 tres
1146 2117 1430 2175 digressiones
1461 2123 1537 2160 aut
1567 2131 1717 2159 excur-

111 2209 183 2236 sus
204 2193 290 2239 dici
318 2208 406 2236 non
436 2193 621 2236 debeant
637 2209 648 2243 3
680 2208 778 2237 cum
797 2193 883 2235 huc
903 2198 1100 2248 spectent
1120 2192 1189 2235 vel
1209 2192 1407 2245 maxime,
1437 2191 1639 2234 nimirum
1660 2191 1716 2233 ad

111 2268 353 2325 Apostolici
382 2267 569 2310 muneris
601 2267 931 2323 descriptionem
961 2273 1006 2309 et
1038 2266 1478 2316 commendationem3
1520 2272 1717 2307 versatur

112 2343 227 2386 enim
245 2342 291 2384 in
310 2343 550 2399 Evangelio
575 2341 872 2398 praedicando,
904 2347 1108 2396 tanquam
1129 2340 1174 2382 in
1194 2340 1373 2382 materia
1393 2355 1521 2395 quam
1542 2345 1714 2393 tractat,

112 2423 157 2459 et
176 2416 405 2473 Evangelii
425 2416 678 2472 subjectum,
700 2415 822 2471 quasi
849 2415 1148 2470 adaequatum,
1176 2414 1388 2468 Christus,
1409 2421 1460 2456 ut
1490 2413 1544 2456 ab
1573 2413 1716 2470 Apos-

111 2491 200 2534 tolo
234 2489 304 2533 hic
339 2490 607 2534 describitur.
676 2490 873 2533 Tertium
907 2489 1014 2531 illud
1048 2489 1102 2532 de
1132 2488 1406 2545 Apostolatu,
1438 2487 1715 2545 praecipuum

113 2571 180 2608 est
209 2564 325 2620 quod
350 2563 421 2606 hic
441 2564 596 2621 agitur.
673 2563 818 2618 Quare
840 2579 938 2606 cum
957 2563 1062 2606 haec
1083 2563 1166 2605 tria
1192 2562 1262 2605 hic
1283 2562 1596 2616 describuntur,
1627 2578 1715 2605 non

110 2637 302 2685 ,excurrit
326 2643 401 2679 aut
431 2638 670 2694 digreditur
697 2639 751 2689 ab
781 2654 845 2692 eo,
877 2638 993 2694 quod
1023 2637 1104 2680 sibi
1133 2635 1355 2694 proposuit
1376 2637 1603 2694 agendum,
1633 2635 1715 2680 hoc

111 2712 220 2766 loco,
248 2711 512 2768 Apostolu53
542 2713 664 2767 cujus
683 2712 990 2769 Apostolatum
1016 2719 1107 2754 tam¹
1129 2711 1305 2766 Christi,
1337 2727 1465 2767 quam
1485 2710 1716 2767 Evangelii

113 2785 357 2842 descriptio,
397 2785 551 2827 mirum
586 2793 794 2842 quantum
829 2787 1074 2843 amplificat,
1114 2786 1201 2829 imo
1235 2786 1422 2829 illustrat
1457 2785 1715 2841 dignitatem

115 2867 160 2905 et
179 2867 376 2903 naturam
396 2858 592 2915 maxime,
623 2875 722 2903 cum
741 2861 796 2903 ad
817 2861 1080 2904 docilitatem
1100 2868 1194 2904 tum
1215 2861 1271 2903 ad
1290 2859 1575 2904 attentionem
1601 2873 1717 2902 com-
