1887 3188
195 196 277 236 402
850 208 1030 237 CAP1T1s
1052 208 1188 237 Pnnm

195 325 390 367 hararum
409 326 617 370 Gentium
634 343 729 370 cum
747 328 841 371 Deo
859 330 1168 385 expostulasset
1184 328 1401 385 Propheta
1420 330 1514 370 lmo
1531 342 1622 384 cap.
1637 327 1783 382 jussus

197 399 279 442 fuit
301 401 505 444 visionem
537 402 705 456 tabulis,
729 418 832 465 quas
863 419 991 445 manu
1022 404 1218 457 habebat,
1240 403 1468 446 inscribere
1498 403 1632 445 literis
1663 401 1784 458 quasi

195 477 445 531 uncialibus,
468 485 516 520 ut
538 494 562 520 a
583 478 733 533 quovis
755 479 823 521 vel
853 479 896 519 in
927 486 1173 520 transcursu
1202 479 1288 535 legi
1317 479 1491 521 minimo
1522 478 1686 534 possint
1710 492 1784 519 ne-

196 552 328 608 gotio.
388 551 431 594 V
432 553 609 594 isionem
644 569 745 595 vero
781 553 889 595 hanc
920 553 963 593 in
994 553 1285 608 longinquum,
1316 554 1514 608 idemque
1550 559 1708 595 statum
1741 560 1785 594 et

197 633 360 668 certum
382 633 550 682 tempus
571 627 772 681 rejectam
795 642 885 668 esse
907 633 1064 679 monet,
1088 642 1214 681 quam
1236 627 1439 669 visionem
1474 627 1651 683 (inquit)
1685 626 1786 668 effa-.

196 700 313 742 bitur
340 701 527 756 (supple)
560 700 693 753 Deus,
725 701 794 742 vel
826 699 1023 743 Christus
1045 708 1250 742 venturus
1271 702 1453 743 termino
1475 717 1562 753 suo,
1584 701 1784 742 nimirum

197 780 389 827 tempore
418 772 685 828 praestituto,
714 773 793 814 hoc
815 772 897 815 fuit
919 780 1023 818 *mm
1043 766 1164 813 κατ-οὶ
1198 766 1336 831 καιρὸν
1357 786 1368 824 ;
1404 782 1446 817 et
1478 768 1512 814 ἒν
1536 769 1785 832 πληρώματι

197 844 342 902 καιξῶν
384 854 508 889 vocat
529 847 776 902 Apostolus,
809 849 968 891 exactis
999 849 1198 890 nimirum
1228 865 1313 891 non
1345 850 1617 905 septuaginta
1646 851 1785 903 modo,

198 923 271 964 sed
295 921 423 963 etiam
445 921 601 977 septies
623 922 894 978 septuaginta
915 924 1048 976 annis,
1072 924 1149 966 sub
1171 925 1395 966 decursum
1416 924 1530 966 vitae
1559 939 1658 966 suae
1679 924 1789 980 peri-

199 996 354 1050 culum,
386 997 466 1038 hoc
488 1003 552 1038 est
574 990 665 1054 PP'7,
693 997 746 1038 ad
766 997 907 1050 finem,
930 1005 978 1040 ut
1009 998 1240 1040 triennium
1261 999 1375 1041 vitae
1408 998 1570 1041 Christi
1590 998 1787 1040 ultimum

200 1087 296 1113 cum
330 1071 524 1113 semestri
554 1079 654 1113 ante
684 1078 865 1113 mortem
896 1072 1033 1128 spatio
1063 1073 1239 1115 innuere
1261 1073 1468 1126 videatur,
1492 1088 1575 1128 quo
1596 1079 1788 1128 tempore

200 1145 398 1189 Christus
419 1146 704 1202 Evangelium
726 1146 1054 1188 annuntiaturus
1076 1147 1169 1200 fuit,
1192 1147 1277 1202 qui,
1300 1155 1348 1189 ut
1377 1147 1436 1189 ait
1458 1146 1686 1203 Propheta,
1703 1162 1789 1189 non

196 1221 429 1263 mentietur
449 1228 522 1262 aut
544 1221 686 1262 fallet:
720 1220 767 1263 Si
797 1221 1081 1274 cunctabitur,
1114 1229 1292 1277 expecta
1323 1237 1433 1274 eum,
1460 1237 1556 1263 nam
1579 1221 1789 1263 veniendo

199 1295 343 1337 veniet
356 1295 423 1337 i.e.
438 1295 671 1337 certissime
688 1295 831 1337 veniet
840 1311 850 1345 3
874 1311 981 1350 quae
998 1296 1139 1349 verba,
1155 1296 1347 1351 quamvis
1362 1296 1431 1337 alii
1446 1297 1498 1338 ad
1513 1296 1717 1338 visionem
1725 1311 1791 1338 re-

197 1369 348 1421 ferant,
368 1368 600 1424 Apostolus
617 1370 671 1410 ad
688 1369 823 1411 Hebr.
841 1385 931 1426 cap.
953 1386 994 1411 X.
1009 1370 1062 1412 de
1081 1369 1252 1412 Christo
1266 1371 1584 1426 interpretatur,
1606 1365 1650 1410 Ο
1676 1362 1790 1427 {3306-

199 1453 315 1498 μενος
336 1435 415 1489 ἣξει
435 1434 514 1481 καὶ
535 1436 580 1481 οὐ
601 1438 768 1499 χρονιᾶς
792 1443 889 1499 Ego
902 1450 1131 1499 utrumque
1145 1444 1415 1499 complector,
1439 1451 1482 1486 et
1503 1444 1788 1501 Evangelium

198 1534 296 1560 cum
305 1517 491 1571 Christo,
507 1525 549 1559 et
559 1517 779 1560 Christum
792 1533 888 1560 cum
896 1518 1146 1574 Evangelio.
1200 1518 1333 1573 Cujus
1341 1519 1568 1575 Evangelii
1581 1534 1788 1561 summam

195 1598 508 1649 programmate
521 1592 691 1648 publico
704 1592 1063 1648 comprehensam,
1081 1599 1125 1635 et
1138 1592 1293 1635 tabulis
1311 1593 1527 1649 eleganter
1541 1593 1788 1650 inscriptam

201 1667 330 1723 (quae
371 1667 540 1709 tabulae
575 1667 862 1722 Evangelicae
898 1667 1209 1710 obscurioribus
1243 1667 1459 1710 Mosaicae
1490 1667 1597 1724 legis
1632 1668 1788 1711 tabulis
1810 1727 1815 1730 Π

200 1741 358 1797 opponi
378 1741 598 1794 videntur)
620 1741 686 1783 his
718 1742 859 1784 verbis
880 1742 1143 1797 paucissimis
1165 1742 1462 1798 complectitur
1478 1742 1582 1785 :—J
1584 1749 1704 1785 ustus
1736 1758 1789 1786 ex

198 1817 283 1859 fide
304 1832 392 1870 sua,
414 1816 483 1859 vel
500 1816 588 1859 eius
608 1816 693 1872 (i.e.
713 1815 875 1859 Christi
889 1816 1067 1858 Domini
1083 1817 1272 1872 venturi)
1291 1816 1481 1859 victurus
1498 1824 1562 1859 est
1580 1833 1590 1859 :
1622 1817 1712 1860 Ubi
1726 1817 1792 1859 in-

192 1890 401 1946 justitiae,
420 1897 462 1933 et
478 1890 690 1946 impietati
703 1890 891 1934 omnium
905 1890 1138 1944 hominum,
1156 1891 1229 1946 (de
1245 1906 1329 1946 qua
1344 1892 1439 1934 lmo
1455 1893 1568 1947 cap.)
1586 1898 1630 1934 et
1646 1907 1791 1948 super-

199 1965 306 2019 biae,
322 1965 411 2008 sine
426 1956 634 2021 ὑποςολῇ,
653 1971 702 2007 ut
718 1981 815 2007 cum
827 1964 1038 2021 Apostolo
1053 1966 1108 2007 ad
1124 1965 1259 2007 Hebr.
1275 1965 1436 2021 loquar,
1453 1966 1724 2009 subductioni
1737 1981 1791 2009 ex

201 2039 454 2082 infidelitate
476 2041 624 2082 eodem
656 2055 782 2082 versu
812 2040 989 2096 opponit
1012 2039 1239 2095 justitiam,
1262 2055 1438 2096 eamque
1470 2056 1523 2082 ex
1542 2040 1640 2094 fide,
1661 2055 1788 2096 quam

199 2114 291 2156 vita
311 2121 484 2156 aeterna
504 2121 735 2169 consequet
757 2121 800 2156 et
821 2114 1055 2156 sec-undum
1076 2129 1202 2169 quam
1218 2114 1429 2169 justitiam
1455 2114 1489 2157 J
1490 2121 1610 2157 ustus
1632 2130 1685 2158 ex
1704 2114 1789 2158 fide

200 2188 392 2231 victurus
423 2195 512 2238 est3
544 2204 653 2243 quae
677 2188 848 2243 justitia
876 2203 1014 2243 neque
1042 2188 1239 2242 humana,
1261 2203 1399 2244 neque
1429 2203 1602 2244 operum
1617 2188 1789 2244 justitia

200 2263 344 2320 potuit
374 2278 478 2317 esse,
511 2278 609 2306 cum
642 2278 787 2305 omnes
815 2262 1006 2305 homines
1038 2269 1127 2304 tam
1159 2262 1425 2315 domesticos,
1457 2277 1584 2317 quam
1619 2270 1787 2307 exteros

200 2338 337 2381 omnis
357 2336 592 2393 injustitiae
611 2351 705 2379 reos
725 2336 938 2393 peregerit
959 2351 1101 2379 coram
1120 2336 1216 2379 Deo
1239 2336 1447 2392 propheta
1475 2352 1567 2393 cap.
1591 2338 1630 2380 1.
1650 2345 1701 2381 ut
1723 2353 1790 2382 re-

198 2412 316 2468 liqua
336 2411 392 2455 sit
413 2427 467 2454 ex
487 2411 655 2454 oraculo
681 2411 852 2466 justitia
882 2411 1069 2468 indignis
1101 2410 1367 2464 conferenda,
1401 2426 1454 2453 ex
1484 2427 1601 2454 mera
1628 2412 1715 2457 Dei
1742 2413 1788 2456 in

202 2486 376 2530 Christo
405 2493 587 2528 venturo
617 2486 672 2528 ad
701 2485 986 2542 Evangelium
1021 2485 1306 2528 exhibendum
1335 2485 1498 2541 gratia3
1531 2501 1580 2529 ac
1609 2486 1788 2543 proinde

199 2560 287 2603 Dei
300 2559 482 2615 justitia,
505 2575 638 2615 eaque
659 2575 712 2602 ex
731 2560 828 2614 fide,
849 2575 936 2602 non
956 2575 1010 2602 ex
1029 2559 1238 2615 operibus,
1259 2565 1309 2601 ut
1339 2559 1441 2613 dixi,
1462 2575 1540 2616 per
1557 2561 1790 2618 Evangeli-

199 2651 275 2678 um
288 2650 374 2677 non
387 2649 463 2690 per
473 2634 611 2690 legem
625 2634 932 2689 patefacienda,
947 2640 991 2677 et
1003 2640 1053 2676 ut
1065 2633 1125 2675 ait
1137 2632 1372 2689 Apostolus
1388 2630 1451 2674 νῦν
1468 2625 1508 2675 δὲ
1523 2625 1647 2691 χωρὶς
1661 2627 1786 2693 νόμον

200 2700 435 2754 δικαιοσύνη
458 2699 754 2764 πεφανέρωται,
777 2708 830 2750 de
849 2707 929 2749 hac
945 2706 1115 2762 justitia
1135 2707 1325 2751 exhibita
1340 2708 1563 2764 disserens,
1584 2710 1710 2752 Rom.
1724 2710 1787 2755 iii.

199 2785 354 2839 Itaque
373 2783 478 2826 haec
499 2782 594 2836 tria,
614 2782 648 2824 J
651 2781 810 2834 ustitia,
832 2781 976 2835 Fides,
997 2781 1088 2824 vita
1107 2789 1291 2837 aeterna,
1313 2783 1403 2826 sive
1423 2783 1594 2839 justitia
1614 2799 1667 2826 ex
1686 2784 1784 2839 fide,

199 2865 244 2900 et
259 2858 384 2914 salus,
401 2857 480 2900 hac
496 2856 682 2900 dictione
703 2855 951 2913 prophetica
969 2856 1280 2912 promittuntur
1297 2858 1431 2915 gratis
1450 2858 1495 2901 in
1517 2857 1690 2902 Christo
1709 2873 1788 2916 per
