1887 3188
192 191 275 231 408
853 199 1238 239 COMMENTARIUS,

194 321 353 378 gelium
375 322 488 364 enim
517 336 650 363 unum
680 320 878 376 idemque
909 336 954 363 re
976 328 1020 363 et
1050 319 1301 373 substantia,
1323 318 1487 361 ratione
1519 325 1561 360 et
1593 324 1783 373 tempore

194 397 485 453 distinguitur,
516 404 566 439 ut
596 396 681 439 dici
710 396 846 452 possit
875 402 950 438 aut
980 395 1247 452 promissum,
1278 395 1324 435 in
1360 394 1474 450 quod
1509 399 1652 449 patres
1682 398 1782 434 ante

196 472 416 515 Christ-um
437 471 730 521 crediderant3
764 477 807 513 et
829 469 1067 512 exhibitum
1088 485 1185 512 cum
1203 468 1375 512 Christo
1392 475 1436 510 et
1455 483 1531 524 per
1548 466 1782 510 Christum.

194 546 325 589 Unde
341 554 494 589 natura
505 545 803 602 Evangelium,
821 544 978 600 quippe
993 543 1182 600 gratuita
1197 542 1446 599 pollicitatio
1461 541 1668 598 legalibus
1685 555 1786 596 ope-

194 636 287 663 rum
309 620 472 663 meritis
493 619 650 675 opponi
678 618 946 673 intelligitur.
1005 616 1326 671 Antiquitatem
1345 616 1506 659 indicat
1526 614 1783 671 praepositio

193 686 285 752 πξὸ,
310 711 363 737 ne
392 694 596 737 novitatis
626 693 795 735 nomine
817 693 1008 734 elevetur
1035 692 1125 746 ejus
1155 691 1375 733 autoritas.
1435 689 1661 733 Certitudo
1681 703 1784 732 vero

193 777 237 812 et
252 770 494 811 indubitata
506 768 663 811 veritas
680 767 839 823 duplici
852 766 1110 819 testimonio,
1126 780 1259 821 eoque
1274 764 1431 817 divino,
1449 763 1781 815 commendatur,

192 844 306 899 quod
328 859 372 886 se
388 843 620 899 prophetae
636 842 795 884 fuerint
815 841 941 896 hujus
963 840 1132 883 divinae
1153 838 1441 896 promissionis
1456 838 1712 893 interpretes
1732 852 1782 880 ac

188 926 336 960 testes.
397 917 581 961 Sanctae
603 932 702 960 vero
722 916 870 958 literae
892 931 917 957 a
939 915 1103 971 Spiritu
1129 914 1302 968 Sancto,
1331 912 1658 956 amanuensibus
1687 927 1785 968 pro-

189 993 344 1049 phetis,
378 992 655 1048 conscriptae,
697 998 740 1034 et
776 991 829 1033 ab
864 990 956 1046 ipso
990 989 1153 1046 Spiritu
1185 989 1344 1032 Sancto
1376 988 1575 1040 dictatae,
1611 986 1782 1029 tabulae

191 1067 316 1124 plane
351 1067 636 1120 authenticae,
672 1073 722 1108 ut
758 1067 810 1108 de
847 1081 1024 1120 quarum
1062 1064 1293 1106 autoritate
1328 1062 1446 1105 nefas
1483 1062 1538 1104 sit
1573 1061 1782 1104 dubitare.

192 1142 442 1198 Subjectum
461 1157 560 1184 vero
573 1140 801 1196 Evangelii
818 1141 1100 1195 adaequatum
1118 1139 1254 1180 Filius
1270 1137 1368 1191 Dei,
1385 1152 1565 1193 persona
1579 1151 1665 1178 una
1680 1136 1784 1178 dua-

189 1217 269 1259 bus
300 1224 499 1260 constans
529 1216 706 1268 naturis,
733 1215 930 1268 humana,
964 1214 1197 1256 secundum
1228 1228 1355 1269 quam
1385 1213 1496 1255 filius
1517 1211 1712 1265 Davidis,
1733 1226 1782 1254 ac

188 1291 366 1348 proinde
387 1290 624 1332 Abrahami
645 1290 878 1332 secundum
906 1289 1228 1344 promissionem
1250 1295 1294 1330 et
1315 1295 1444 1330 estet
1465 1287 1622 1330 dicitur
1640 1286 1781 1328 Math.

189 1368 217 1408 i.
238 1366 348 1408 Luc.
370 1365 429 1407 iii.
457 1365 501 1406 in
531 1364 781 1420 genealogia
803 1363 978 1417 Christi,
1010 1371 1058 1405 ut
1082 1362 1192 1406 Gen.
1214 1362 1287 1404 xii.
1317 1369 1360 1404 et
1387 1362 1491 1404 xxii.
1512 1368 1556 1404 et
1576 1360 1733 1417 passim
1754 1362 1779 1402 2

192 1441 306 1484 Sam.
321 1440 392 1482 vii.
409 1442 431 1481 1
449 1439 646 1482 Chronic.
661 1438 777 1491 xvii„
794 1438 875 1480 hoc
891 1444 955 1480 est
970 1438 1084 1493 quod
1101 1437 1205 1479 dicit
1219 1437 1392 1490 factum,
1408 1452 1519 1478 anno
1534 1436 1616 1479 viz.
1633 1435 1782 1478 mundi

119 1560 123 1566 ,
187 1515 350 1558 conditi
378 1516 504 1567 3927,
539 1513 723 1569 (Spiritu
757 1512 915 1555 Sancto
942 1512 1125 1554 Mariam
1156 1511 1364 1567 virginem
1395 1510 1695 1565 obumbrante)
1727 1525 1783 1553 ex

189 1589 349 1633 semine
364 1588 546 1631 Davidis
567 1587 801 1630 secundum
821 1602 1005 1629 carnem.
1065 1586 1225 1627 Divina
1245 1592 1398 1627 natura
1416 1600 1555 1641 neque
1576 1584 1689 1627 facta
1708 1599 1782 1627 ne-

189 1681 273 1721 que
293 1664 453 1721 genita,
471 1663 546 1706 sed
575 1677 652 1718 per
671 1668 887 1704 aeternam
909 1661 1229 1717 generationem
1250 1676 1275 1701 a
1294 1666 1415 1715 patre
1443 1675 1541 1702 cum
1560 1658 1647 1702 filio
1667 1673 1782 1702 com-
1825 1666 1833 1677 *

191 1740 408 1782 municata
422 1738 513 1793 jam
528 1737 628 1779 inde
644 1736 697 1778 ab
713 1736 829 1779 omni
849 1735 1116 1788 aeternitate,
1135 1735 1238 1777 etin
1259 1733 1525 1790 plenitudine
1541 1740 1780 1790 temporum

189 1814 349 1856 mundo
369 1813 584 1869 patefacta
597 1818 641 1854 et
656 1811 951 1860 manifestata3
972 1810 1053 1852 hoc
1071 1809 1183 1852 enirn
1199 1816 1263 1851 est
1281 1799 1509 1865 ὁρισθέντος
1525 1823 1636 1850 anno
1653 1809 1780 1851 3960.

190 1889 381 1931 Additur
402 1881 437 1927 ἐν
457 1879 643 1942 δυνάμει,
662 1886 751 1928 sive
772 1885 826 1927 ad
847 1884 1234 1927 manifestationem
1254 1884 1423 1936 referas,
1445 1883 1534 1925 sive
1551 1882 1606 1924 ad
1621 1881 1780 1924 Filium

188 1963 288 2017 Dei,
305 1963 426 2017 cujus
441 1961 634 2018 potentia
650 1960 864 2002 declarata
878 1958 960 2001 fuit
976 1959 1030 2000 ad
1050 1958 1182 2014 ipsius
1198 1957 1468 2000 divinitatem
1484 1956 1780 1999 declarandam

186 2037 496 2080 resurrectione
527 2051 552 2077 a
581 2035 772 2087 mortuis,
804 2049 889 2089 qua
908 2033 1070 2077 virtute
1100 2048 1188 2086 sua,
1213 2047 1300 2074 non
1329 2032 1466 2074 aliena
1494 2029 1726 2074 resurrexit
1755 2044 1782 2072 a

190 2117 327 2153 morte
347 2109 563 2153 redivivus
583 2108 616 2150 J
619 2123 715 2150 esus
737 2107 948 2160 Christus,
973 2106 1185 2149 Dominus
1206 2113 1363 2159 noster,
1395 2120 1502 2160 quae
1530 2111 1616 2146 tres
1637 2103 1781 2160 appel-

190 2185 370 2228 lationes
390 2184 616 2228 includunt
635 2189 860 2237 utramque
881 2188 1077 2223 naturam
1097 2181 1142 2222 in
1162 2196 1248 2222 una
1268 2180 1501 2234 eademque
1521 2193 1712 2234 persona,
1735 2185 1779 2220 et

189 2260 375 2303 officium
404 2257 650 2302 mediatoris
681 2263 725 2299 et
755 2255 982 2298 servatoris
1011 2255 1273 2310 prophetico,
1304 2252 1566 2306 sacerdotali,
1589 2258 1632 2295 et
1660 2251 1780 2309 regio

188 2349 364 2376 munere
385 2333 626 2389 designant.
677 2325 856 2386 Πνεῦμα
874 2321 1102 2383 ἁγιωσύνης
1123 2335 1247 2371 vocat
1268 2326 1455 2369 divinam
1475 2333 1672 2368 naturam
1692 2341 1780 2369 em-

190 2407 374 2463 phatice,
396 2414 441 2450 et
464 2397 564 2446 κατ’
592 2396 748 2458 ἐξοχὴν,
772 2419 869 2447 cum
900 2403 1024 2446 electi
1044 2401 1216 2458 Angeli,
1238 2407 1282 2444 et
1311 2400 1477 2456 piorum
1497 2400 1662 2443 animae
1692 2398 1781 2442 sint

188 2481 366 2537 spiritus
397 2481 527 2524 etiam
556 2480 718 2530 saneti3
748 2479 854 2521 Ideo
883 2493 970 2520 non
1000 2477 1195 2533 spiritum
1225 2475 1351 2517 modo
1376 2480 1514 2528 vocat,
1543 2474 1619 2516 sed
1648 2473 1779 2516 etiam

191 2554 495 2598 sanctimoniae
516 2554 724 2610 spiritum,
745 2553 813 2595 i.e.
839 2560 1031 2594 autorem
1061 2549 1196 2593 omnis
1223 2548 1476 2603 sanctitatis,
1504 2564 1614 2604 quae
1641 2554 1708 2591 est
1733 2547 1780 2590 in

186 2629 338 2673 electis
359 2636 448 2670 tam
468 2628 630 2684 angelis
651 2642 780 2683 quam
802 2625 1057 2678 hominibus,
1077 2630 1128 2666 ut
1147 2622 1222 2679 qui
1241 2623 1298 2666 sit
1317 2622 1410 2679 ipsa
1429 2622 1646 2665 sanctitas.
1705 2620 1779 2665 Sic

189 2704 321 2747 Joan.
355 2702 415 2744 iii.
451 2701 650 2745 Christus
685 2701 829 2742 Deum
865 2699 1074 2755 Spiritum
1108 2713 1200 2740 esse
1234 2697 1352 2751 dicit,
1394 2704 1439 2740 et
1472 2695 1688 2752 apostolus
1721 2695 1778 2737 ad

188 2778 326 2821 Hebr.
338 2777 410 2831 ix.,
424 2775 647 2820 Christum
658 2773 720 2816 ait
731 2789 809 2830 per
819 2779 1041 2815 aeternum
1056 2771 1277 2828 Spiritum,
1290 2771 1359 2813 i.e.
1373 2771 1561 2813 divinam
1568 2776 1778 2822 naturam,

188 2851 399 2895 obt-ulisse·
422 2856 558 2893 semet
586 2848 740 2905 ipsum.
799 2845 1000 2902 Denique
1029 2845 1100 2888 hic
1128 2845 1387 2901 respondent
1417 2835 1626 2900 γενομένον
1654 2831 1778 2894 κως-οὶ,
1799 2833 1802 2835 Δ
