1887 3188
212 237 292 279 510
809 248 1184 291 COMMENTARIUS,

209 363 337 405 animi
367 362 622 419 scripserunt
652 363 859 420 Apostoli,
882 364 934 407 ab
955 365 1004 407 iis
1026 380 1132 420 quae
1165 380 1216 407 ex
1246 364 1330 407 Dei
1360 364 1532 407 consilio
1553 364 1604 407 de
1626 363 1779 406 divinis

209 437 433 494 mysteriis,
465 444 610 481 autore
632 437 793 494 Spiritu
815 438 984 493 Sancto,
1006 440 1138 482 literis
1168 440 1456 495 prodiderunt.
1515 439 1628 482 Vide
1657 437 1781 482 Junii

208 512 481 569 Theologiam
513 512 590 555 sub
619 513 758 555 finem.
819 513 904 557 Sed
934 529 1070 569 neque
1091 514 1320 570 Apostolus
1349 514 1429 557 1100
1458 515 1550 557 1000
1570 529 1646 570 pro
1666 519 1781 557 certo

209 587 388 629 affirmat
409 602 452 629 se
473 594 710 642 venturum,
744 603 840 631 cum
872 589 976 630 illud
1006 589 1173 642 Jacobi,
1207 579 1274 628 ἐοὶν
1299 580 1320 627 o‘
1343 580 1425 635 θεὸς
1447 582 1601 645 θελῆσῃ,
1635 594 1780 631 sancto

209 662 407 718 Apostoli
427 662 564 704 animo
587 678 750 718 semper
769 663 983 716 insederit,
1000 678 1078 705 nec
1099 663 1206 705 citra
1223 663 1332 724 hanc
1352 664 1636 706 conditionem
1668 662 1784 719 quic-

208 752 334 792 quam
354 737 398 778 in
418 737 497 779 hoc
517 753 671 793 genere
691 738 901 793 pollicitus
923 739 991 781 sit.
1052 738 1180 792 Quod
1200 754 1300 782 vero
1316 738 1419 782 dicit
1435 730 1540 786 οἶδα,
1562 743 1676 780 certe
1697 735 1782 779 scio

209 826 295 854 ver.
313 814 379 865 29,
397 827 481 853 non
494 813 548 853 ad
561 812 857 855 certitudinem
874 829 972 856 suae
987 813 1032 854 in
1048 813 1299 870 Hispaniam
1318 812 1600 870 profectionis,
1621 817 1696 854 aut
1711 810 1784 853 ad-

210 892 376 939 ventus,
407 901 553 928 verum
573 887 627 928 ad
652 887 857 930 donorum
887 895 931 930 et
960 888 1301 931 benedictionum
1332 888 1624 944 Spiritualium
1653 886 1784 929 abun-

209 960 396 1002 dantiam
417 967 460 1003 et
481 960 677 1015 fructum,
699 977 837 1017 quem,
866 977 963 1005 cum
990 962 1171 1005 Romam
1191 962 1368 1016 venerit,
1397 978 1539 1005 secum
1560 961 1615 1004 sit
1635 976 1784 1017 appro-

210 1034 385 1077 baturus
403 1052 413 1077 ε
444 1035 553 1077 Τι1111
576 1036 687 1078 enim
708 1036 795 1079 fore
817 1044 932 1080 certo
954 1037 1033 1079 sibi
1053 1037 1290 1093 persuadet,
1312 1044 1361 1079 ut
1381 1037 1500 1080 Deus
1529 1036 1610 1093 ipsi
1639 1051 1783 1079 cumu-

210 1110 412 1153 latissime
432 1110 645 1166 impertiat
665 1111 1019 1168 Evangelicorum
1043 1111 1339 1167 mysteriorum
1371 1111 1655 1168 cognitionem
1686 1125 1783 1153 cum

208 1183 290 1227 illis
311 1186 711 1229 communicandam.
773 1186 889 1240 Quid
911 1187 945 1230 si
967 1180 1001 1226 ἐν
1025 1179 1272 1243 πληξώματι
1295 1177 1490 1240 ἐυλογίας
1509 1202 1584 1243 pro
1601 1179 1660 1225 ἐισ
1675 1177 1780 1232 πλῆ-

210 1272 342 1317 ξωμα,
363 1261 442 1316 i.e.,
464 1261 508 1303 in
529 1277 624 1304 eum
644 1262 795 1316 locum,
817 1262 890 1304 ubi
910 1262 1033 1318 plene
1054 1262 1242 1304 abundat
1271 1261 1496 1318 Evangelii
1524 1260 1673 1317 gratia,
1697 1260 1782 1315 q.d.

210 1336 455 1393 Apostolus,
477 1352 521 1380 se
541 1352 626 1380 non
647 1337 839 1380 dubitare
861 1338 963 1393 quin
984 1337 1096 1393 apud
1118 1352 1187 1379 eos
1209 1335 1540 1391 copiosissimum
1559 1333 1784 1391 Evangelii

208 1410 395 1453 fructum
424 1410 479 1453 sit
507 1410 769 1454 inventurus.
828 1411 946 1454 Nota
965 1411 1068 1454 item
1086 1407 1375 1467 λειτουργῆσαι
1396 1410 1583 1464 verbum,
1604 1424 1692 1452 ver.
1714 1411 1782 1459 27,

212 1485 266 1527 de
282 1485 503 1542 erogandis
518 1485 560 1527 in
577 1501 699 1528 usum
715 1501 946 1542 pauperum
966 1485 1238 1529 facultatibus
1255 1493 1298 1529 et
1314 1484 1576 1529 conferendis
1590 1484 1785 1527 Eleemo—

213 1560 329 1616 synis
350 1560 445 1614 dici,
466 1575 520 1603 ne
542 1576 594 1603 ex
614 1561 693 1603 hoc
714 1560 930 1603 charitatis
952 1560 1087 1603 officio
1107 1560 1394 1603 Romanenses
1410 1560 1561 1602 missae
1579 1558 1785 1602 fabricent

215 1634 475 1678 sacrificium.
535 1635 588 1677 In
607 1635 719 1678 hunc
741 1635 869 1678 etiam
898 1635 1025 1678 finem
1055 1635 1242 1692 postulat
1273 1650 1417 1677 eorum
1446 1649 1604 1691 preces,
1634 1633 1786 1690 quibus

213 1711 383 1766 adjutus
395 1710 528 1767 possit
544 1725 687 1753 omnes
701 1710 969 1754 difficultates
986 1725 1194 1766 superare,
1211 1725 1264 1752 ne
1280 1709 1324 1751 in
1339 1709 1489 1752 itinere
1505 1709 1558 1751 ad
1576 1709 1787 1752 Romanos

213 1785 478 1842 suscipiendo
509 1785 758 1839 retardetur,
792 1801 861 1828 vv.
895 1787 962 1839 30,
995 1787 1063 1839 31,
1095 1787 1163 1828 32.
1237 1784 1328 1827 Ubi
1355 1784 1476 1842 gravi
1505 1783 1788 1828 obtestatione

211 1860 349 1903 utitur
360 1875 436 1916 per
450 1860 681 1903 Dominum
693 1860 837 1902 Iesum
851 1859 1082 1914 Christum,
1097 1875 1173 1916 per
1188 1875 1371 1902 amorem
1389 1859 1584 1916 Spiritus,
1600 1858 1681 1913 i.e.,
1696 1874 1789 1901 mu-

213 1941 332 1978 tuam
351 1935 464 1978 illam
480 1935 713 1978 animorum
728 1934 1079 1995 conjunctionem,
1096 1935 1214 1990 cujus
1231 1941 1353 1977 autor
1373 1941 1437 1977 est
1458 1933 1641 1991 Spiritus
1658 1933 1788 1977 Sanc-

214 2016 298 2053 tus.
367 2009 617 2053 Notandum
641 2009 769 2052 etiam
789 2009 963 2052 verbum
984 1999 1352 2066 συναγωνΐζεσῧαι,
1374 2008 1489 2065 quod
1509 2014 1574 2051 est
1593 2007 1788 2051 certatim

217 2091 262 2128 et
277 2100 440 2128 summa
452 2084 722 2128 contentione
736 2084 1002 2141 comprecari,
1018 2091 1068 2127 ut
1084 2084 1262 2127 sciamus
1278 2099 1415 2139 neque
1435 2083 1633 2139 trepidas,
1649 2097 1787 2138 neque

214 2159 517 2217 perfunctorias
537 2174 681 2216 preces
702 2175 793 2202 esse
812 2159 978 2202 debere.
1036 2159 1228 2201 Tandem
1248 2158 1462 2202 concludit
1484 2158 1592 2201 hanc
1613 2157 1788 2201 alteram

217 2233 529 2277 excusationem
557 2233 764 2290 precibus.
822 2233 913 2276 Ubi
940 2240 1043 2276 nota
1071 2249 1158 2276 ver.
1182 2235 1206 2277 5
1229 2248 1365 2290 supra,
1386 2233 1528 2276 Deum
1556 2231 1787 2289 patientiae

216 2315 260 2352 et
279 2308 587 2362 consolationis,
620 2310 686 2363 13,
715 2308 859 2352 Deum
889 2308 1002 2365 Spei,
1031 2323 1144 2352 nunc
1174 2323 1274 2352 vero
1303 2310 1372 2362 33,
1401 2307 1481 2350 hoc
1501 2321 1588 2350 ver.
1644 2306 1788 2350 Deum

216 2383 332 2440 pac-is
352 2385 437 2426 sub.
464 2389 653 2426 autorem
683 2389 726 2427 et
754 2383 996 2440 largitorem
1020 2383 1232 2440 appellari,
1255 2389 1299 2426 et
1317 2382 1362 2425 in
1381 2382 1446 2425 his
1467 2381 1659 2426 omnibus
1684 2382 1787 2427 locis

217 2457 523 2501 accommodari
551 2457 759 2501 diversam
785 2457 1108 2515 appellationem
1127 2457 1212 2500 Dei
1231 2457 1286 2499 ad
1304 2457 1489 2513 ipsarum
1507 2471 1692 2513 precum,
1711 2471 1788 2514 pro

218 2547 363 2576 earum
391 2532 649 2587 diversitate,
679 2539 987 2590 argumentum,
1021 2539 1072 2576 ut
1101 2547 1186 2576 non
1215 2538 1374 2577 temere
1402 2531 1489 2575 ullo
1522 2532 1567 2574 in
1597 2531 1690 2576 loco
1718 2532 1789 2576 vel

218 2606 461 2650 nominetur
489 2606 621 2661 Deus,
651 2607 721 2650 vel
749 2607 1028 2650 diversimode
1057 2606 1315 2664 appelletur:
1342 2605 1659 2662 Sapientissime
1678 2606 1790 2650 enim

220 2688 265 2725 et
294 2679 599 2738 appositissime
628 2681 683 2723 ad
709 2682 947 2738 argumenti
973 2688 1167 2725 naturam
1203 2672 1318 2738 quod
1351 2687 1559 2725 tractatur
1586 2680 1790 2725 divinitus

220 2755 391 2800 nomina
409 2755 553 2800 divina
572 2756 952 2800 accommodantur.
