1887 3188
182 201 267 242 416
785 197 1168 249 ooMMENTARan,

180 332 226 373 in
246 329 485 387 Evangelio
506 329 720 386 patefacta
741 337 806 371 est
828 345 889 383 ea,
921 345 1005 385 qua
1019 328 1244 385 justificati
1265 327 1538 381 servabimur,
1569 333 1619 369 ut
1642 325 1771 369 habet

182 405 396 448 sententia
414 405 647 460 prophetae
668 404 845 447 Abacuc
862 420 873 454 3
903 420 990 446 non
1011 410 1076 446 est
1096 403 1240 460 igitur,
1263 418 1339 446 cur
1359 418 1403 446 se
1424 409 1514 445 tam
1535 402 1659 444 anxie
1679 416 1774 445 cru-

182 480 298 523 cient
318 479 446 536 logici
466 479 511 520 in
531 479 597 520 his
619 479 934 521 connectendis.

239 554 478 597 Hominum
499 553 543 594 in
565 569 609 595 se
625 552 880 607 injustitiam
895 551 1057 608 tragice
1079 551 1279 607 exprimit
1300 550 1535 607 Apostolus
1556 549 1659 592 dum
1679 565 1773 592 eam

181 635 307 672 vocat
342 643 510 671 omnem
546 626 811 682 impietatem
848 633 891 667 et
926 625 1179 680 injustitiam
1214 625 1446 679 hominum,
1480 640 1521 680 q.
1554 625 1596 667 d.
1627 639 1772 667 omnes

181 703 374 746 homines
395 702 440 743 in
462 717 505 743 se
527 700 634 742 nihil
654 700 769 741 aliud
798 715 902 752 esse,
934 715 1063 754 quam
1091 714 1259 741 omnem
1287 698 1540 740 iniustitiam
1562 705 1606 741 et
1625 697 1775 754 impie-

182 785 329 830 tatem,
367 791 494 832 quam
531 780 763 830 exaggerat
798 774 860 815 ira
895 773 981 815 Dei
1017 789 1039 815 e
1075 772 1192 815 coelo
1228 772 1454 828 patefacta,
1496 788 1605 827 quae
1638 772 1775 828 magis

181 851 402 907 magisque
422 850 532 891 hanc
548 849 768 890 hominum
789 847 1066 903 impietatem,
1090 854 1133 889 et
1149 846 1403 901 injustitiam
1425 846 1570 888 divina
1585 846 1776 889 vindicta

181 925 421 969 accumulat
454 931 498 966 et
530 929 766 975 coacervat,
803 923 905 963 dum
940 929 1116 977 peccata
1150 921 1349 976 peccatis,
1386 927 1430 963 et
1463 921 1621 964 scelera
1651 920 1775 963 novis

183 1000 411 1044 sceleribus
426 1000 545 1054 justo
560 997 724 1053 judicio
734 996 995 1051 justissimus
1006 996 1141 1051 judex
1157 995 1389 1038 ulciscitur.
1448 995 1597 1050 Atque
1613 995 1693 1037 hoc
1710 1000 1775 1037 est

184 1076 300 1131 quod
321 1075 438 1127 dicit,
470 1073 574 1114 iram
596 1071 682 1113 Dei
702 1071 881 1113 revelari
901 1070 946 1111 in
967 1085 1135 1112 omnem
1155 1069 1420 1125 impietatem
1451 1076 1495 1112 et
1521 1068 1776 1124 injustitiam

183 1149 428 1198 hominum3
461 1140 735 1193 ἀντιθετικῶς,
752 1160 859 1187 vers.
876 1145 1158 1200 praecedente
1177 1146 1314 1198 17mo,
1326 1144 1497 1199 justitia
1512 1143 1598 1186 Dei
1619 1158 1672 1185 ex
1691 1142 1776 1185 fide

182 1224 228 1266 in
248 1223 487 1279 Evangelio
508 1221 722 1264 revelatur
742 1220 786 1261 in
806 1219 947 1261 fidem.
1008 1219 1195 1261 Videtur
1216 1218 1328 1260 enim
1355 1218 1425 1260 hic
1447 1218 1611 1261 coelum
1631 1217 1779 1260 Evan-

182 1299 295 1355 gelio
316 1312 542 1354 opponere,
565 1295 664 1351 quia
684 1294 791 1337 coeli
821 1300 1019 1336 enarrant
1039 1293 1217 1349 gloriam
1237 1293 1335 1346 Dei,
1357 1293 1430 1335 Ps.
1451 1292 1552 1346 xiX.,
1574 1292 1690 1348 quod
1710 1298 1777 1334 est

184 1379 362 1415 naturae
382 1370 666 1427 praeconium,
690 1376 733 1411 et
753 1368 861 1410 liber
876 1375 1053 1410 naturae
1070 1368 1199 1423 vulgo
1221 1368 1389 1420 dicitur,
1412 1368 1518 1409 adeo
1538 1373 1588 1408 ut
1604 1366 1778 1408 Anaxa-

184 1462 309 1504 goras
338 1446 627 1500 interrogatus
658 1436 712 1488 εἰς
732 1435 1026 1496 τίωγεγὲνηται
1042 1455 1052 1489 ;
1074 1436 1127 1488 εἰς
1148 1433 1275 1498 θερίαν
1295 1441 1553 1497 (respondit)
1571 1432 1685 1487 ἡλίου
1699 1431 1777 1479 καὶ

185 1514 345 1568 σελήνης
368 1511 446 1559 καὶ
470 1512 651 1576 οὐρανοῦ.
714 1518 849 1570 Quasi
867 1518 994 1570 dicat,
1017 1525 1194 1559 naturae
1216 1523 1260 1558 et
1280 1514 1664 1571 contemplationis.
1714 1514 1776 1556 Et

185 1595 452 1652 philosophia
472 1601 640 1636 tantum
663 1593 796 1646 abest,
828 1602 877 1634 ut
902 1592 1115 1647 justitiam
1138 1591 1341 1643 conferat,
1373 1597 1422 1632 ut
1452 1595 1612 1643 contra,
1644 1603 1778 1644 quan-

184 1677 400 1726 tacunque
435 1669 590 1711 notitia
624 1667 710 1709 Dei
741 1682 817 1722 per
845 1682 937 1708 eam
969 1682 1022 1708 ex
1055 1681 1198 1708 rerum
1233 1664 1591 1720 contemplatione
1624 1663 1779 1706 hausta

184 1745 401 1788 hominem
430 1744 583 1786 reddat
614 1733 944 1794 ἀναπολόγητον,
978 1741 1168 1797 iramque
1198 1741 1285 1783 Dei
1315 1755 1338 1782 e
1369 1739 1499 1793 coelo,
1534 1739 1650 1782 unde
1679 1753 1779 1795 cog-

186 1819 388 1873 noscitur,
412 1818 587 1860 effusam
602 1817 646 1858 in
663 1817 776 1872 ipsos
797 1817 988 1858 homines
1011 1816 1137 1858 etiam
1158 1814 1427 1871 philosophos
1449 1820 1614 1870 arguat.
1671 1813 1779 1855 Ideo

187 1893 333 1936 statim
353 1899 502 1949 postea
523 1883 592 1938 τὴν
610 1884 814 1939 ἀλήθειαν,
829 1883 906 1930 καὶ
921 1887 994 1938 τῆς
1011 1883 1184 1936 κτίσεως
1199 1886 1276 1945 τοῦ
1290 1881 1454 1944 κόσμου
1479 1888 1627 1931 eodem
1649 1887 1781 1944 respi-

187 1968 304 2011 ciens
337 1967 460 2009 dixit.
520 1967 767 2022 Utrumque
799 1966 979 2022 probat,
1002 1966 1160 2022 quippe
1194 1971 1238 2008 et
1271 1964 1492 2006 hominum
1525 1961 1780 2018 injustitiam

188 2057 286 2086 cum
305 2041 526 2097 impietate
554 2041 839 2095 conjunc-tam,
871 2046 914 2083 et
943 2040 1070 2095 hujus
1096 2039 1327 2095 impietatis
1357 2038 1541 2093 injustae
1562 2027 1781 2079 ex'divina

188 2116 380 2160 vindicta
414 2115 733 2158 exuberantiam
751 2131 761 2165 3
803 2130 852 2157 ac
886 2115 1068 2171 primum
1105 2129 1159 2156 ex
1187 2112 1381 2156 veritatis
1417 2112 1586 2155 divinae
1620 2110 1780 2166 injusta

189 2190 450 2244 detentione,
471 2189 551 2232 hoc
572 2189 664 2246 ipso
684 2204 726 2245 p.
750 2191 818 2243 18,
848 2197 898 2232 ut
919 2189 993 2245 qui
1013 2188 1235 2231 detineant
1254 2187 1341 2230 Dei
1360 2186 1586 2230 veritatem
1607 2185 1779 2240 injuste.

191 2266 303 2310 Sunt
323 2265 456 2322 igitur
477 2271 520 2307 et
540 2263 660 2320 impii
679 2263 725 2305 in
744 2263 901 2318 Deum,
933 2270 978 2306 et
1003 2262 1153 2318 injusti
1179 2262 1224 2304 in
1243 2261 1482 2314 veritatem,
1514 2266 1564 2302 ut
1591 2259 1666 2315 qui
1686 2274 1780 2302 eam

190 2340 312 2397 quasi
331 2339 589 2397 gestientem
605 2353 826 2394 erumpere
842 2338 999 2381 sanctis
1021 2344 1065 2380 et
1084 2336 1273 2380 honestis
1294 2334 1545 2388 actionibus,
1567 2333 1781 2390 captivam

190 2415 460 2471 supprimunt
482 2420 526 2456 et
547 2413 821 2470 extinguunt.
879 2411 967 2455 Hic
997 2412 1082 2454 duo
1113 2410 1356 2468 spectanda,
1387 2408 1545 2452 veritas
1575 2407 1658 2451 illis
1682 2422 1782 2464 cog—

189 2490 295 2543 nita,
318 2496 362 2531 et
381 2488 576 2531 veritatis
595 2487 756 2543 injusta
775 2486 982 2530 detentio.
1041 2486 1111 2528 De
1132 2484 1324 2528 veritatis
1345 2483 1500 2526 notitia
1521 2484 1575 2527 19
1597 2488 1642 2525 et
1661 2484 1718 2526 20
1737 2497 1781 2525 v.

190 2563 261 2607 De
293 2562 384 2606 eius
415 2562 575 2617 injusta
606 2561 854 2604 detentione
884 2561 1022 2604 tribus
1055 2558 1330 2615 sequentibus
1360 2558 1416 2600 ad
1442 2559 1512 2600 24.
1570 2555 1780 2601 Veritatis

189 2636 362 2681 nomine
381 2636 527 2678 lumen
540 2636 747 2690 naturale,
769 2636 859 2678 sive
874 2633 1145 2690 theologiam,
1168 2649 1295 2688 quam
1309 2632 1548 2675 naturalem
1566 2646 1780 2685 vocamus,

189 2710 407 2768 intelligit,
433 2724 562 2766 quam
581 2724 679 2752 cum
699 2709 878 2752 articulo
893 2719 963 2755 ‘tm
993 2700 1186 2754 ἆλῆθὲῐαν
1207 2713 1346 2760 vocat,
1370 2722 1457 2749 non
1478 2706 1568 2748 sine
1596 2703 1781 2761 quadam

191 2785 395 2843 emphasi,
433 2799 533 2827 nam
568 2799 654 2826 non
690 2789 755 2826 est
790 2782 1017 2826 verisimile
1052 2781 1276 2825 articulum
1310 2770 1555 2838 ἀναφορικδν
1591 2795 1694 2833 esse,
1729 2785 1781 2831 ut

190 2859 521 2918 patefactionem
550 2859 705 2902 referat
731 2857 1051 2915 Evangelicam,
1083 2857 1135 2900 de
1167 2871 1250 2913 qua
1277 2871 1405 2913 supra
1426 2871 1465 2899 v.
1490 2857 1556 2898 17.
1617 2853 1780 2897 Verum
