1887 3188
710 268 812 297 CAP.
836 269 897 297 vl.
924 259 1065 299 13-23,
1617 259 1700 300 459

109 387 348 423 mutuatam
369 396 394 422 a
414 381 539 423 rebus
570 381 778 434 humanis,
801 397 897 423 cum
929 382 1092 423 interea
1112 383 1165 424 de
1188 382 1397 437 spirituali
1428 383 1635 425 servitute
1657 390 1701 425 et

111 455 308 497 libertate
333 455 544 510 loquatur.
595 455 700 497 Ideo
724 446 792 494 διοὶ
809 447 879 502 τὴν
897 448 1112 495 ἀσθένειαν
1129 452 1203 502 τῆς
1221 447 1373 511 σαρκὸς
1395 464 1569 512 propter
1588 456 1704 498 infir-

109 529 303 571 mitatem
324 529 474 583 carnis,
496 530 551 570 ad
572 530 727 572 mentis
748 531 1032 586 ignorantiam
1063 531 1209 572 referri
1231 531 1372 583 debet,
1395 538 1569 586 propter
1589 546 1704 586 mys-

108 603 311 646 teriorum
327 603 575 646 caelestium
596 604 876 660 imperitiam:
907 621 993 648 non
1015 606 1130 660 quod
1147 605 1250 647 velit
1271 604 1448 647 innuere
1470 621 1514 647 se
1532 606 1702 662 exigere

108 677 153 718 in
183 678 326 720 studio
348 678 600 732 sanctitatis,
624 680 738 734 quod
769 696 793 722 a
824 680 960 722 carnis
991 680 1284 722 imbecillitate
1306 679 1516 736 proficisci
1545 687 1701 734 potest,

108 759 183 795 aut
212 752 256 794 in
279 754 519 796 sanctitatis
541 755 683 796 studio
706 770 749 796 se
780 755 887 796 nihil
908 755 1088 810 amplius
1113 755 1342 809 requirere,
1366 770 1493 810 quam
1514 761 1704 810 praestet

107 843 217 881 caro,
247 829 521 883 quantumvis
552 829 787 871 imbecilla:
819 845 917 871 nam
948 845 1033 871 non
1065 845 1089 871 a
1119 836 1283 883 natura,
1307 830 1383 871 sed
1413 845 1438 870 a
1468 829 1607 885 gratia
1638 836 1703 871 est

109 902 245 945 omnis
262 903 554 956 sanctimonia,
573 911 616 945 et
633 919 657 945 a
674 903 833 946 virtute
852 903 1037 960 Spiritus
1060 904 1222 957 Sancti,
1245 904 1366 959 cujus
1388 919 1462 959 spe
1485 920 1556 946 cos
1577 904 1703 960 paulo

108 984 209 1020 ante
225 978 563 1020 confirmaverat.
614 978 904 1022 Similitudine
921 979 1117 1031 illustrat,
1135 979 1218 1021 nisi
1240 979 1373 1021 mavis
1394 978 1557 1034 parium
1581 994 1706 1035 argu-

109 1059 268 1106 mento,
290 1069 418 1108 quam
440 1053 584 1110 exigat
615 1054 878 1096 alacritatem
900 1054 1042 1096 studio
1058 1054 1278 1108 justitiae:
1312 1060 1355 1095 et
1376 1061 1491 1096 certe
1520 1069 1704 1109 aequum

110 1135 177 1171 est
197 1144 282 1171 non
302 1128 509 1171 minorem
526 1144 694 1184 operam
714 1135 788 1170 aut
809 1129 998 1184 impendi
1020 1129 1161 1171 studio
1176 1128 1372 1183 justitiae
1389 1135 1433 1170 et
1449 1128 1557 1181 Deo,
1575 1144 1703 1184 quam

109 1210 237 1245 antea
266 1203 433 1245 diabolo
456 1210 498 1245 et
529 1203 763 1258 injustitiae
794 1203 1104 1259 impendimus:
1137 1203 1326 1245 studium
1347 1219 1448 1245 vero
1470 1203 1705 1257 injustitiae

111 1294 165 1321 ex
195 1293 245 1320 eo
267 1278 392 1320 docet
422 1278 655 1319 maximum
685 1278 828 1332 fuisse,
851 1279 966 1334 quod
995 1278 1056 1320 ita
1087 1278 1355 1320 servierimus
1386 1278 1633 1333 injustitiae,
1655 1285 1706 1320 ut

113 1368 300 1396 essemus
321 1352 374 1394 ab
396 1353 510 1394 omni
524 1353 696 1408 justitia
715 1368 886 1408 prorsus
908 1352 1046 1406 alieni,
1064 1369 1105 1395 v.
1123 1355 1192 1395 20.
1252 1351 1400 1408 Atque
1422 1352 1629 1394 hactenus
1651 1353 1704 1394 de

111 1428 204 1484 ipsa
234 1427 454 1480 servitute,
485 1443 599 1469 nunc
630 1428 683 1469 de
719 1427 906 1482 praemio
936 1427 1005 1469 vel
1041 1427 1174 1480 exitu,
1207 1442 1335 1482 quem
1370 1427 1705 1483 interrogatione

112 1510 263 1559 urget3
294 1502 461 1558 peccati
491 1502 662 1558 quidem
694 1502 881 1544 fructum
911 1501 1088 1555 nullum,
1121 1501 1429 1543 detrimentum
1459 1502 1705 1556 maximum,

110 1578 312 1620 nimirum
331 1578 537 1633 pudorem
568 1593 622 1619 ex
643 1577 923 1632 turpitudine,
949 1583 992 1618 et
1022 1583 1141 1618 metu
1169 1577 1318 1618 mortis
1339 1583 1549 1630 aeternae,
1571 1593 1613 1619 v.
1635 1579 1704 1631 21,

112 1659 261 1696 contra
281 1658 424 1694 autem
440 1652 636 1706 justitiae
652 1651 852 1704 fructum,
870 1651 1276 1700 sanctificationem3
1305 1651 1553 1706 praemium,
1571 1652 1705 1694 vitam

112 1733 342 1778 aeternam,
364 1741 406 1767 v.
428 1727 497 1767 22.
557 1725 648 1767 Ubi
676 1724 854 1767 observa
884 1725 1118 1767 antithesin
1147 1725 1324 1781 praemii
1355 1732 1398 1767 et
1427 1741 1614 1781 poenae:
1646 1718 1705 1766 τοὶ

112 1790 197 1856 γὰρ
221 1792 398 1851 ὀψώνια,
430 1815 472 1841 v.
494 1801 563 1853 23,
597 1798 833 1855 Stipendia,
855 1799 1033 1842 verbum
1054 1799 1249 1853 militare,
1272 1807 1321 1841 ut
1343 1799 1571 1854 superiora,
1593 1816 1707 1842 com-

112 1875 408 1932 pensationem
439 1890 492 1917 ex
523 1873 668 1916 debito
699 1873 954 1930 significanS,
987 1875 1056 1917 cui
1087 1875 1316 1931 opponitur
1335 1864 1386 1913 τὰ
1407 1866 1605 1929 χάρισμα
1630 1872 1708 1915 τοῦ

114 1946 216 1998 θεοῦ,
238 1949 475 2006 gratuitum
494 1949 581 1992 Dei
609 1949 877 2002 beneficium,
899 1965 984 2005 quo
1005 1949 1095 1992 vita
1122 1957 1295 1992 aeterna
1325 1948 1571 2004 acquiritur.
1634 1950 1706 1994 Sic

107 2024 279 2080 justitia
293 2023 468 2078 Christi,
478 2039 562 2079 qua
571 2023 857 2078 justificamur
869 2023 985 2066 dicta
1001 2031 1066 2067 est
1082 2040 1124 2067 v.
1141 2040 1232 2081 cap.
1249 2017 1445 2081 χάρισμα
1463 2032 1506 2071 et
1523 2016 1704 2081 δώρημα,

111 2106 156 2142 et
175 2114 290 2142 nunc
310 2099 402 2142 vita
421 2105 594 2141 aeterna
613 2090 809 2155 χάρισμα
835 2094 924 2138 θεοῦ
953 2098 1122 2152 dicitur,
1154 2099 1260 2141 adeo
1290 2105 1340 2141 ut
1370 2099 1511 2142 nullus
1540 2099 1704 2141 meritis

111 2174 268 2218 nostris
287 2174 405 2217 locus
425 2173 729 2230 relinquatur.*
788 2174 937 2229 Atque
957 2173 1062 2216 haec
1085 2173 1138 2215 de
1158 2173 1296 2230 prima
1320 2173 1618 2216 adhortatione
1648 2173 1704 2215 ad

111 2249 301 2293 studium
322 2247 639 2301 sanctimoniae,
663 2248 876 2291 illustrata
895 2247 1172 2291 similitudine
1203 2247 1364 2290 domini
1394 2254 1438 2290 et
1469 2247 1581 2290 servi
1609 2263 1706 2303 per-

112 2331 257 2381 petua.
330 2323 537 2379 Sequitur
556 2323 690 2366 altera
709 2338 735 2365 a
755 2322 1031 2365 similitudine
1052 2322 1240 2379 conjugii
1270 2321 1426 2365 veteris
1448 2328 1492 2365 et
1511 2322 1612 2365 novi
1635 2321 1706 2364 vii.

112 2398 268 2455 capite.

620 2664 950 2710 SEPTIMUM
980 2662 1202 2708 CAPUT.

173 2758 272 2802 Lex
291 2756 480 2814 conjugii
498 2757 603 2800 haec
623 2763 702 2812 est,
722 2764 773 2800 ut
793 2758 975 2800 durante
995 2756 1086 2800 vita
1105 2755 1232 2800 duret
1256 2756 1474 2800 vinculum
1503 2756 1704 2813 conjugii,

90 2878 94 2880 ,
115 2833 250 2877 altera
265 2834 412 2876 autem
423 2837 546 2889 parte
565 2837 734 2875 mortua
747 2831 890 2875 dirimi
905 2831 1164 2888 conjugium,
1186 2838 1230 2874 et
1250 2837 1415 2888 partem
1432 2830 1705 2887 superstitem

537 2930 556 2951 *
567 2929 657 2964 Vide
672 2931 774 2964 etiam
789 2941 832 2963 an
845 2931 1061 2964 sanctificatio
1076 2931 1195 2975 δώρημα
1209 2930 1306 2963 dicat.
