1887 3188
185 261 265 302 382
713 272 935 303 EDIToRIs
956 273 1257 303 PRAEFATUM.

184 409 374 459 solebat3
409 409 522 452 inter
552 425 656 466 quas
687 410 781 466 quis
811 411 948 454 nescit
975 417 1184 466 quantum
1214 409 1410 463 emineat,
1442 416 1530 451 tam
1560 409 1774 466 gravitate

181 500 383 544 materiae
404 516 531 557 quam
551 501 886 544 ratiocinationis
914 502 1108 545 acumine
1138 508 1267 558 atque
1288 501 1344 555 vi,
1375 501 1571 557 Epistola
1600 502 1655 544 ad
1686 501 1774 544 Ro-

181 593 368 636 manos?
419 593 535 636 Huic
575 593 708 650 igitur
739 609 911 650 operam
945 593 1066 636 dedit
1099 594 1369 650 praecipuam
1403 594 1652 645 Melvinus3
1693 609 1772 637 nec

181 684 272 728 sine
288 684 431 728 fructu
447 701 458 736 3
486 685 631 727 multis
654 685 767 728 enim
786 685 986 742 Apostoli
1005 685 1108 728 locis
1128 685 1267 728 lucem
1287 685 1442 739 affusit,
1465 693 1510 728 et
1528 701 1615 728 non
1635 685 1771 729 solum

180 776 395 819 auditores
428 776 622 820 doctrina
653 792 702 820 ac
733 777 895 833 pietate
928 793 1004 819 sua
1035 776 1226 832 quotidie
1259 777 1501 831 delectavit,
1534 778 1611 821 sed
1641 778 1771 821 etiam

179 868 411 910 multorum
441 868 774 911 adolescentium
804 869 1088 925 ingenuorum
1119 875 1284 911 mentes
1319 868 1453 911 literis
1484 869 1611 912 sacris
1640 870 1771 913 infor-

178 959 326 1013 mavit,
366 959 565 1016 ipsosque
605 961 659 1003 ad
698 960 1029 1017 praedicandum
1070 960 1338 1017 evangelium
1383 960 1542 1016 optime
1582 960 1769 1004 munitos

178 1051 332 1095 emisit.
393 1052 508 1095 Talis
529 1052 610 1095 viri
640 1052 735 1109 quis
762 1068 848 1096 non
873 1052 1107 1095 admiratur
1126 1053 1346 1110 ingenium
1373 1068 1421 1095 ac
1448 1052 1643 1096 labores?
1673 1053 1768 1109 quis

176 1159 262 1186 non
292 1144 404 1186 tanti
433 1144 608 1201 ingenii,
639 1151 942 1201 tantorumque
970 1145 1164 1188 laborum
1194 1145 1357 1188 fructus
1387 1145 1551 1201 aliquot
1579 1145 1767 1202 recipere

177 1243 352 1292 cuperet
367 1237 387 1278 Ρ

234 1327 579 1371 Praelectionum
608 1328 791 1371 Melvini
820 1329 962 1372 nescio
993 1344 1047 1371 an
1079 1335 1249 1371 exstent
1277 1328 1364 1371 ulla
1393 1329 1575 1386 vestigia
1598 1329 1768 1386 propria

175 1435 305 1462 manu
325 1420 506 1477 scripta3
538 1420 680 1463 omnia
700 1421 889 1476 suspicor
905 1420 1138 1463 abolevisse
1159 1427 1344 1463 aetatem
1364 1420 1567 1464 invidam.
1625 1421 1767 1464 Disci-

171 1512 284 1569 pulis
311 1519 455 1555 autem
482 1512 806 1555 commentarios
835 1528 932 1555 suos
960 1513 1228 1555 commodare
1255 1512 1430 1567 solebat,
1463 1519 1525 1566 ut,
1554 1512 1764 1569 ipsissima

171 1603 366 1660 magistri
394 1603 526 1647 verba
555 1604 856 1658 describentes,
888 1604 1140 1660 penitiorem
1169 1619 1324 1658 rerum,
1358 1605 1412 1647 de
1439 1604 1593 1660 quibus
1621 1619 1762 1648 coram

169 1696 230 1739 eis
247 1695 527 1750 disseruisset,
549 1695 835 1753 cognitionem
858 1711 1002 1739 secum
1023 1697 1311 1752 deportarent.
1364 1696 1487 1739 Inter
1506 1696 1622 1747 alios,
1643 1711 1764 1753 pere-

168 1787 316 1845 grinus
347 1787 534 1844 quidam,
567 1788 738 1831 nomine
765 1788 923 1831 Daniel
951 1788 1212 1842 Demetrius,
1244 1789 1319 1845 qui
1348 1788 1532 1832 Melvini
1561 1785 1762 1832 audiendi

168 1895 295 1924 causa
315 1880 361 1922 in
383 1880 573 1924 Scotiam
592 1887 782 1934 venerat,
813 1880 1139 1923 commentarios
1170 1880 1260 1936 ejus
1289 1880 1336 1922 in
1364 1880 1606 1937 Epistolam
1635 1880 1761 1923 Pauli

166 1973 222 2015 ad
243 1972 458 2015 Romanos
479 1971 759 2035 transcripsit,
784 1972 982 2026 auctoris,
1004 1979 1054 2015 ut
1074 1972 1165 2029 ipse
1187 1979 1383 2027 testatur,
1406 1973 1622 2029 exemplar
1641 1988 1761 2016 secu-

166 2071 251 2107 tus.
311 2063 409 2107 Hoc
441 2079 546 2120 opus
576 2063 802 2117 Demetrii,
839 2064 893 2106 ad
928 2048 1121 2106 nostrum
1156 2080 1292 2120 usque
1327 2071 1497 2121 tempus
1527 2072 1756 2119 servatum,

165 2156 294 2199 hodie
308 2171 439 2212 penes
453 2162 518 2199 est
533 2156 673 2199 virum
687 2155 1052 2210 humanissimum,
1066 2156 1281 2199 Davidem
1294 2155 1450 2212 Laing,
1467 2155 1755 2214 Armigerum,

166 2247 253 2304 qui,
289 2263 367 2305 pro
402 2247 526 2291 solita
561 2263 638 2290 sua
670 2247 940 2302 liberalitate,
976 2247 1155 2291 concilio
1189 2248 1417 2292 Societatis
1446 2247 1755 2292 Wodrovensis

164 2340 363 2384 facillime
387 2339 598 2384 concessit
626 2346 677 2383 ut
706 2339 860 2382 librum
892 2339 971 2382 sub
990 2339 1108 2395 prelo
1135 2346 1356 2396 ponerent,
1388 2345 1432 2382 et
1461 2339 1622 2396 publici
1643 2339 1754 2396 juris

163 2432 369 2475 facerent.
428 2431 579 2476 Codex
607 2408 784 2488 paginas
814 2437 988 2474 centum
1017 2430 1173 2487 viginti
1205 2437 1249 2473 et
1279 2446 1407 2473 unam
1437 2432 1482 2473 in
1511 2439 1667 2488 quarto,
1702 2438 1753 2475 ut

163 2523 326 2577 dicunt,
355 2523 431 2566 sed
450 2522 624 2566 minoris
653 2522 812 2565 formae
843 2521 1063 2572 continet3
1094 2521 1346 2577 scripturam
1373 2521 1490 2565 lectu
1509 2522 1752 2566 facillimam

161 2621 292 2671 atque
327 2614 552 2671 singularis
588 2613 825 2671 elegantiae
861 2612 1062 2663 exhibet3
1094 2618 1138 2655 et
1171 2612 1206 2655 si
1237 2613 1392 2655 menda
1417 2629 1630 2670 perpauca
1655 2629 1751 2672 par-

160 2706 290 2762 vique
323 2705 542 2759 momenti,
574 2704 644 2748 hic
676 2704 762 2748 illic
795 2720 951 2761 sparsa,
985 2703 1182 2761 excipias,
1216 2720 1427 2761 nusquam
1458 2721 1587 2749 manu
1621 2706 1750 2750 corri-

159 2798 282 2856 genti
301 2798 412 2854 opus‘
427 2795 616 2854 praebet.
984 2780 987 2781 ⁷

216 2889 351 2934 Haud
370 2888 520 2933 dubito
541 2887 645 2944 quin
674 2887 868 2931 omnibus
899 2887 1113 2931 societatis
1143 2894 1312 2932 nostrae
1343 2888 1466 2933 sociis
1495 2889 1747 2946 opusculum
