1887 3188
181 198 263 239 432
783 204 1164 245 COMMENTAnms,

183 335 293 382 tuor,
324 333 488 384 guttur,
517 325 722 382 linguam,
756 324 880 378 labia,
912 331 956 367 et
986 339 1032 367 os
1062 323 1200 367 cordis
1230 337 1442 366 venenum
1473 326 1516 363 et
1551 318 1768 362 diritatem

185 403 280 459 plus
317 417 445 457 quam
481 400 756 456 Cyclopicam
792 399 1021 452 effundere,
1059 407 1102 441 et
1137 399 1266 454 pedes
1303 398 1357 439 ad
1392 395 1639 452 sanguinem
1675 393 1772 436 fun-

186 477 386 529 dendum,
419 482 463 518 et
494 475 619 517 obvia
649 489 842 529 quaeque
873 474 1143 525 conterenda,
1171 473 1305 514 instar
1332 471 1549 528 grandinis
1580 476 1654 511 aut
1683 467 1774 510 bel-

185 552 351 593 luarum
373 549 619 591 immanium
640 563 863 604 properare
885 555 1080 599 testatur,
1099 547 1281 601 denique
1300 547 1411 588 viam
1431 545 1546 601 pacis
1563 544 1772 600 ignorare,

186 625 215 667 i.
238 641 273 667 e.
306 631 501 680 expertes
533 623 667 665 omnis
698 621 987 674 humanitatis,
1018 628 1061 662 et
1091 620 1348 662 truculentia
1377 634 1547 674 prorsus
1578 618 1775 660 efferatos

187 700 275 742 ritu
295 699 479 741 ferarum
508 713 623 746 esse3
655 703 784 750 atque
814 696 918 737 haec
940 695 1080 749 quoad
1101 694 1330 736 secundam
1351 693 1552 745 tabulam,
1574 699 1618 734 et
1638 690 1777 734 officia

190 790 289 830 erga
319 773 510 815 homines
541 772 595 812 ad
623 770 844 813 colendam
874 769 1146 811 societatem:
1178 768 1271 809 fons
1302 774 1444 809 autem
1466 766 1664 808 vitiorum
1687 779 1777 806 om-

189 849 309 890 nium
332 850 384 890 18
407 863 447 889 v.
470 845 670 901 aperitur,
693 844 850 900 quippe
871 850 1011 886 metus
1041 842 1227 884 numinis
1249 841 1383 883 divini
1403 840 1607 892 vacuitas,
1629 845 1673 881 et
1699 838 1779 879 im-

191 923 328 979 pietas
350 928 498 964 contra
519 920 707 962 tabulam
738 919 930 974 primam.
993 918 1250 960 Conferatur
1271 931 1371 972 ergo
1393 930 1490 957 cum
1519 914 1599 956 hac
1621 929 1674 956 ex
1693 911 1780 955 Dei

192 997 336 1050 verbo,
354 1004 396 1038 et
410 996 480 1038 illa
497 995 629 1036 altera
643 993 859 1045 naturalis,
877 1008 968 1047 cap.
979 994 1017 1044 1,
1032 992 1241 1033 humanae
1257 989 1520 1045 corruptelae
1537 987 1778 1043 descriptio,

194 1078 238 1114 et
260 1076 499 1126 opponatur
520 1068 716 1111 omnibus
738 1067 925 1109 omnium
948 1066 1233 1122 sophistarum
1252 1064 1523 1120 nugamentis
1547 1065 1599 1106 19
1621 1078 1662 1105 v.
1685 1061 1784 1104 sub-

189 1145 338 1201 jungit
358 1144 509 1186 ultimo
538 1143 631 1185 loco
652 1141 988 1184 valentissimum
1020 1141 1074 1182 ad
1094 1140 1286 1182 Judaeos
1317 1138 1628 1181 convincendos
1659 1151 1784 1193 argu-

194 1226 388 1261 mentum
405 1234 429 1259 a
444 1218 528 1259 fine
546 1224 588 1259 et
609 1232 689 1258 usu
705 1216 888 1258 traditae
904 1215 1010 1271 legis
1026 1215 1254 1268 Mosaicae,
1272 1213 1628 1269 quemadmodum
1645 1226 1784 1267 supra,

198 1296 222 1336 1
245 1309 337 1349 cap.
368 1309 408 1335 v.
438 1294 506 1345 20,
538 1307 562 1333 a
591 1291 675 1332 fine
704 1289 811 1333 lucis
842 1296 886 1332 et
914 1289 1021 1345 legis
1051 1289 1254 1331 naturalis
1286 1294 1607 1344 argumentatus
1637 1293 1787 1329 contra

202 1383 347 1412 omnes
368 1374 533 1424 gentes,
552 1373 595 1408 et
610 1365 724 1407 hunc
739 1380 865 1406 usum
879 1364 999 1420 legis,
1017 1370 1219 1418 tanquam
1236 1370 1386 1404 notum
1403 1362 1597 1404 omnibus
1614 1367 1659 1404 et
1674 1375 1788 1403 com-

199 1442 320 1485 muni
350 1456 477 1484 sensu
507 1439 832 1495 comprobatum
854 1453 957 1490 esse,
979 1436 1110 1479 verbo
1141 1428 1306 1491 ὂιδαμεν
1331 1436 1524 1488 affirmat,
1555 1434 1638 1476 nisi
1660 1433 1788 1476 malis

200 1517 282 1559 hoc
297 1515 554 1571 restringere
568 1514 620 1555 ad
635 1512 905 1568 Apostolum,
921 1518 965 1553 et
981 1511 1085 1553 alios
1098 1527 1197 1553 vere
1213 1511 1490 1553 Christianos.
1523 1509 1690 1553 Scimus
1706 1508 1790 1564 (in-

203 1591 317 1647 quit)
344 1604 621 1646 quaecunque
636 1588 720 1641 lex,
743 1579 764 1625 ὁ
782 1579 913 1642 νόμος,
930 1586 1010 1628 viz.
1027 1585 1163 1628 Mosis
1179 1586 1283 1628 dicit
1307 1576 1479 1640 (λαλεῖ),
1496 1585 1562 1627 i.e.
1577 1583 1793 1627 familiari-

204 1673 272 1709 ter
292 1672 336 1708 et
357 1664 504 1708 sedulo
525 1662 713 1719 exponit,
736 1669 866 1717 atque
888 1661 1088 1716 explanat
1109 1660 1256 1703 eadem
1278 1660 1431 1714 omnia,
1453 1666 1581 1715 atque
1606 1659 1792 1716 applicat

207 1740 396 1784 omnium
417 1738 700 1791 conscientiis,
722 1737 777 1779 ad
798 1752 944 1778 omnes
971 1742 1014 1778 et
1045 1735 1233 1791 singulos
1254 1734 1438 1777 violatae
1457 1734 1564 1791 legis
1593 1734 1639 1776 in
1659 1733 1794 1777 omni-2

207 1816 287 1859 bus
311 1821 355 1857 et
377 1813 553 1870 singulis
574 1811 786 1854 mandatis
806 1827 899 1853 reos
920 1811 1209 1867 peragendos:
1237 1810 1426 1852 notanda
1441 1809 1554 1852 enim
1574 1809 1794 1852 distinctio

209 1889 323 1932 inter
351 1880 464 1941 λέγει
497 1895 540 1929 et
568 1884 704 1934 λαλεῖ,
743 1895 785 1929 et
818 1877 1008 1937 ἔλλειψις
1039 1884 1289 1926 correlativa
1323 1884 1376 1925 ad
1407 1874 1498 1922 ὅσα.
1557 1883 1645 1926 Tit.
1680 1883 1724 1925 ii.
1757 1885 1796 1938 1,

212 1954 264 2002 σι)
301 1954 342 2002 δὲ
375 1956 499 2001 λάλει
524 1953 556 2000 οἵ
589 1953 730 2017 vigea-21
765 1972 816 2016 «τῃ
852 1951 1090 2014 ὑγιαινοὺσῇ
1125 1950 1398 2013 διδασκαλίᾳ,
1423 1965 1466 2000 et
1487 1974 1527 2000 v,
1551 1959 1618 2012 15,
1653 1954 1799 1998 ταῦτα

211 2030 348 2076 λάλει.
406 2037 521 2078 Item
543 2038 567 2078 1
588 2036 687 2078 Pet.
717 2036 774 2079 iv.
798 2037 866 2076 11.
927 2027 1074 2089 (Εἲς-ις
1095 2024 1219 2072 λαλὲι
1253 2026 1305 2078 ὦς
1327 2023 1458 2085 λόγια
1494 2027 1622 2086 θεοῦ),
1656 2031 1798 2086 edicit,

206 2111 346 2167 jubet,
377 2117 510 2164 vetat,
540 2109 722 2165 imperat
751 2109 802 2151 iis
833 2108 908 2164 qui
936 2109 981 2149 in
1010 2108 1106 2164 lege
1127 2107 1196 2150 vel
1226 2107 1305 2149 sub
1334 2107 1429 2163 lege
1459 2112 1560 2148 sunt
1587 2105 1718 2161 loqui,
1747 2111 1799 2148 ut

213 2200 339 2229 omne
369 2200 415 2228 os
446 2185 682 2238 obturetur,
704 2183 732 2226 i.
755 2199 791 2226 e.
811 2189 862 2226 ut
891 2197 978 2224 non
1008 2182 1144 2224 solum
1168 2187 1319 2238 gentes
1343 2181 1434 2236 jam
1463 2180 1684 2223 convictae
1703 2179 1799 2237 lege

214 2267 406 2313 naturae,
428 2260 504 2302 sed
535 2258 663 2301 etiam
683 2257 845 2300 Judaei
873 2257 970 2313 lege
989 2255 1125 2298 Mosis
1156 2271 1204 2298 ac
1233 2255 1411 2311 proinde
1432 2269 1577 2296 omnes
1607 2253 1800 2298 homines

218 2334 305 2377 sint
325 2324 655 2386 οἷναπολόγητοι,
678 2338 728 2374 ut
747 2347 802 2374 ne
822 2330 1000 2374 verbum
1016 2329 1188 2386 quidem
1208 2329 1340 2371 ullum
1357 2328 1412 2369 ad
1432 2327 1498 2369 sui
1513 2327 1803 2370 defensionem

218 2415 380 2464 queant
399 2408 599 2464 proferre,
620 2413 750 2462 atque
778 2405 842 2448 ita
859 2405 1045 2448 mundus
1065 2404 1288 2446 universus
1307 2402 1384 2444 fiat
1403 2402 1612 2445 obnoxius
1633 2401 1804 2453 divinae

219 2481 577 2531 condemnationi.
636 2481 755 2524 Hinc
789 2480 918 2522 infert
953 2481 1010 2522 20
1039 2494 1081 2522 v.
1112 2493 1166 2520 ex
1195 2476 1392 2532 operibus
1421 2476 1549 2519 ullius
1577 2475 1686 2533 legis
1715 2476 1806 2520 sive

219 2555 425 2604 naturalis
446 2555 536 2598 sive
557 2554 774 2598 Mosaicae
793 2553 1036 2596 mortalium
1055 2551 1269 2594 neminem
1289 2565 1429 2593 coram
1444 2550 1542 2593 Deo
1555 2549 1806 2606 justificari:

220 2629 430 2673 rationem
459 2628 644 2684 subjicit,
671 2628 772 2684 quia
799 2643 876 2683 per
894 2628 1035 2683 legem
1064 2632 1129 2668 est
1157 2624 1324 2681 peccati
1352 2624 1528 2681 agnitio,
1558 2624 1666 2667 nihil
1693 2623 1809 2667 enim

223 2711 316 2748 tam
352 2709 518 2763 pugnat
557 2717 655 2745 cum
688 2701 859 2756 justitia
897 2715 1027 2756 quam
1065 2699 1301 2754 injustitia3
1341 2714 1419 2755 per
1455 2699 1595 2756 legem
1641 2712 1811 2742 omnem

225 2778 421 2836 arguitur
459 2783 504 2820 et
538 2775 785 2833 agnoscitur
817 2773 1042 2830 injustitia,
1076 2773 1196 2830 Ergo
1234 2788 1313 2830 per
1349 2773 1490 2830 legem
1537 2771 1712 2826 nullam,
1750 2778 1810 2825 ets

226 2852 343 2908 quod
371 2851 486 2901 idem
515 2857 594 2905 est,
623 2849 695 2897 Ex
725 2847 922 2906 operibus
960 2846 1118 2894 nullius
1156 2846 1263 2904 legis
1292 2862 1435 2894 coram
1462 2846 1559 2889 Deo
1588 2845 1813 2903 quisquam
