1887 3188
151 268 204 309 28

667 277 717 305 1N
738 277 959 306 FERMIUM
981 277 1218 308 EPICEDIA.

362 414 461 451 Tam
480 426 568 452 rara
587 415 728 452 virtute
748 415 902 452 virum?
933 415 1031 451 Tam
1051 415 1201 452 dotibus
1222 415 1289 451 alti

363 484 516 534 Ingenii
535 485 693 529 clarum,
714 490 752 522 et
770 497 953 533 magnum
972 485 1147 522 Jehovae
1167 485 1474 522 incrementum?

363 555 440 592 Ast
458 567 540 604 ego,
562 555 594 592 si
614 555 775 600 doleam,
797 554 951 591 coelesti
970 555 1055 591 luce
1075 560 1282 602 receptum,

364 625 509 662 Vivida
523 631 560 662 te
580 625 723 662 auratis
743 625 809 661 ubi
829 624 948 673 cingit
966 624 1091 673 gloria
1109 625 1257 673 pennis,

363 694 551 741 Invidiae,
572 695 774 741 Macarita‚
796 700 926 731 notam
946 695 1041 730 mihi
1060 695 1214 732 inurere
1233 707 1374 743 posses.

365 764 433 803 Sin
451 765 646 814 propriam
665 765 804 814 lugebo
823 765 959 811 vicem,
981 765 1051 802 tibi
1071 777 1132 802 me
1151 777 1349 814 superesse

364 834 523 881 Vivum,
544 841 624 872 tam
644 835 754 872 docto
774 841 813 872 et
830 835 906 871 fido
926 836 1114 872 monitore
1133 841 1338 881 carentem,

364 905 512 943 Memet
530 918 660 942 amore
680 906 755 942 mei
775 905 879 942 dicas
899 905 1101 953 studioque
1120 906 1255 942 teneri.

421 976 476 1013 Ut
495 976 701 1025 lachrymis
721 976 837 1024 igitur
857 976 990 1012 deceat
1009 988 1070 1012 me
1090 988 1258 1024 parcere,
1280 988 1357 1013 non
1385 981 1422 1014 te

365 1046 528 1083 Desinet
548 1046 696 1083 afflictis
716 1045 948 1082 exstinctum
970 1046 1145 1083 Ecclesia
1163 1047 1278 1083 rebus

366 1116 568 1165 Plangere,
591 1116 657 1164 qui
676 1122 876 1165 promptus
895 1115 1022 1154 fueras
1041 1128 1263 1154 succurrere
1282 1117 1413 1165 lapsae
1429 1130 1438 1153 z

366 1186 499 1234 Atque
519 1199 600 1235 ego,
622 1192 659 1223 te
679 1187 795 1223 talem
815 1187 986 1224 recolens
1007 1186 1203 1224 Ecclesiae
1224 1187 1457 1236 ademptum,

368 1257 422 1294 Et
439 1257 581 1295 lessum
600 1256 750 1302 faciam,
773 1262 811 1294 et
829 1262 1002 1294 rorantes
1021 1257 1176 1294 luminis
1196 1258 1306 1294 orbes

368 1327 495 1377 Larga
513 1328 669 1376 liquabo
690 1327 783 1363 mihi
803 1332 902 1364 totos
921 1327 959 1363 in
980 1328 1141 1364 flumina
1159 1340 1358 1376 aquarum.

1052 1414 1112 1452 Io.
1133 1414 1391 1452 ADAMSONUS
1410 1426 1585 1452 moerens

963 1485 1127 1522 merenti
1148 1485 1401 1534 Praeceptori
1419 1496 1487 1522 suo
1506 1485 1734 1534 parentavit.

288 1790 361 1832 AD
386 1788 639 1834 OAROLUM
664 1789 890 1832 FERMUM
912 1787 1129 1831 MUTATO
1153 1787 1360 1832 NOMINE
1385 1786 1608 1830 FIRMUM.

840 1914 1072 1944 EJUSDEM.

321 2018 481 2068 Semper
499 2019 709 2057 honoratus
727 2018 779 2057 sis
797 2018 922 2055 Firmi
941 2018 1108 2064 nomine,
1130 2030 1221 2055 nam
1240 2018 1301 2055 Tu

375 2089 535 2139 Semper
553 2101 622 2139 pro
643 2088 787 2128 Christi
805 2088 960 2125 nomine
981 2087 1136 2125 Firmus
1155 2100 1252 2126 eras.

320 2159 489 2198 Firmior
507 2165 546 2197 et
563 2171 660 2209 rupe
678 2170 731 2205 es,
752 2171 852 2207 quae
871 2158 1002 2196 clausa
1020 2164 1078 2196 est
1097 2158 1266 2207 undique
1285 2163 1414 2207 ponto,

374 2229 593 2279 Disrumpit
611 2230 760 2275 fluctus,
781 2229 915 2266 Firma
934 2228 1000 2265 sed
1019 2228 1104 2277 ipsa
1122 2233 1263 2266 manet.

321 2301 379 2340 Te
397 2301 656 2350 Papistarum,
677 2300 1022 2347 Praelatorumque
1041 2304 1217 2336 catervae

375 2371 546 2410 Perdere
565 2382 686 2419 quum
705 2369 800 2416 nixi,
821 2369 936 2407 nixus
954 2369 1080 2406 inanis
1100 2374 1194 2406 erat.

287 2492 292 2496 .
323 2441 495 2488 Illorum,
511 2440 682 2478 Domino
701 2451 772 2478 ceu
791 2444 923 2489 petrae
941 2438 1096 2476 Firmus
1115 2439 1314 2485 adherens,

379 2510 651 2560 contempsisti
668 2509 798 2547 insons
817 2510 958 2559 probra
975 2508 1152 2558 ferasque
1169 2509 1306 2547 minas.

324 2579 430 2619 Nam
450 2580 626 2619 Christus
645 2580 822 2617 Firmum
840 2579 911 2617 sibi
931 2584 970 2618 te
988 2584 1182 2628 praestare
1202 2579 1356 2617 volebat

378 2651 432 2689 Et
449 2650 527 2688 ruit
544 2650 585 2687 in
605 2661 729 2688 casses
748 2650 869 2699 impia
886 2651 1001 2688 turba
1019 2661 1120 2687 suos.

325 2722 373 2759 In
393 2733 571 2770 spumum
590 2732 735 2767 versae,
756 2732 856 2769 quae
874 2725 912 2757 te
931 2719 1086 2769 petiere,
1107 2718 1251 2757 feroces

381 2791 532 2837 Undae,
553 2791 626 2837 Tu,-
647 2796 690 2828 ut
706 2790 862 2836 Bassus,
883 2790 1066 2827 Firmiter
1084 2801 1205 2838 usque
1225 2801 1368 2828 manes,

327 2862 384 2900 Te
403 2862 536 2911 pietas,
556 2866 594 2899 te
613 2866 745 2899 sancta
762 2861 866 2905 fides,
887 2859 1122 2909 Dominique
1141 2860 1328 2909 potenteis

381 2932 559 2970 Firmum
577 2937 616 2970 et
633 2931 820 2970 invictum
839 2930 1070 2969 constituere
1089 2942 1238 2970 manus·
