1887 3188
198 264 282 306 480
828 274 1209 318 COMMENTARms,

197 408 298 436 suae
319 407 420 449 erga
441 393 597 436 electos
623 393 933 438 misericordiae
953 395 1143 452 gloriam.
1204 394 1294 437 Ubi
1316 394 1493 437 observa
1512 393 1617 436 illud
1636 404 1788 449 κατηξ-

196 459 371 523 τίσμενα
402 483 427 509 a
445 467 576 523 figulo
598 474 767 524 sumpta
794 470 1082 523 translatione,
1113 469 1263 524 nequis
1293 476 1418 524 putet
1451 484 1475 509 a
1511 468 1657 524 seipsis
1687 483 1789 510 vasa

196 541 283 583 irae
304 548 601 597 coagmentata
622 557 712 584 esse
734 544 787 583 ,⁶22
810 558 850 584 v.
910 543 1098 585 Videtur
1118 543 1274 598 ellipsis
1305 543 1358 584 ad
1389 535 1521 587 πάθος
1552 541 1790 598 exprimen-

198 616 301 657 dum
322 631 375 657 ex
394 615 456 657 rei
487 615 760 671 indignitate,
791 631 948 672 negare
979 616 1088 668 Deo,
1110 617 1225 670 quod
1256 616 1417 658 homini
1448 616 1700 672 permissum
1734 614 1787 656 ab

197 688 405 730 omnibus.
480 688 736 742 Conjunctio
767 681 844 727 καὶ
880 696 978 731 ante
1013 682 1077 727 ἵνα
1110 689 1230 731 abest
1266 689 1318 730 ab
1351 704 1435 731 uno
1472 688 1712 744 exemplari,
1745 694 1789 730 et

197 762 369 804 videtur
388 762 653 811 redundare3
687 762 1024 804 subaudiendum
1052 770 1207 816 autem,
1240 762 1343 817 quid
1364 762 1547 815 absurdi,
1579 769 1653 804 aut
1674 762 1790 803 aliud

197 836 417 890 ejusmodi,
440 850 536 877 cum
557 836 683 877 homo
714 842 882 877 tantum
913 837 1048 891 possit
1082 836 1126 877 in
1157 837 1296 878 lutum
1328 851 1414 878 non
1447 851 1566 878 suam
1601 836 1676 878 sed
1705 835 1792 877 Dei

197 910 466 952 ereaturam?
506 909 741 964 Postquam
774 910 836 951 ita
871 910 1179 952 demonstravit
1204 911 1366 964 justam
1403 925 1493 952 esse
1525 909 1611 951 Dei
1642 909 1792 952 volun-

197 990 332 1025 tatem
353 983 398 1024 in
417 983 659 1025 hominibus
682 984 887 1040 eligendis
919 992 962 1026 et
992 985 1279 1040 reprobandis,
1302 984 1522 1026 descendit
1543 984 1596 1026 ab
1617 990 1791 1027 aeterno

197 1057 283 1099 Dei
304 1058 487 1110 decreto,
511 1064 554 1099 et
575 1058 741 1100 occulta
771 1059 991 1100 voluntate
1025 1059 1079 1099 ad
1115 1059 1204 1112 ejus
1237 1058 1565 1114 patefactionem
1587 1058 1789 1101 vocandis

197 1146 274 1187 per
293 1131 579 1187 Evangelium
599 1132 840 1174 hominibus
872 1140 959 1174 tam
991 1133 1191 1188 gentibus
1219 1148 1345 1188 quam
1367 1133 1560 1186 Judaeis,
1582 1133 1666 1175 imo
1695 1148 1793 1188 pro-

197 1205 379 1260 pheticis
400 1205 668 1259 testimoniis,
691 1206 857 1248 duobus
888 1206 1060 1248 Hoseae
1090 1207 1358 1250 vocationem
1381 1207 1602 1260 Gentium,
1625 1206 1790 1250 duobus

197 1278 353 1321 Esaiae
374 1279 648 1334 rejectionem
671 1279 938 1322 «Iudaeorum
960 1280 1194 1322 confirmat.

256 1352 340 1394 His
360 1353 509 1408 positis
526 1368 696 1395 causam
712 1353 840 1396 infert
856 1370 897 1396 v.
916 1356 983 1407 30,
1006 1362 1094 1395 tam
1110 1354 1350 1409 rejectionis
1366 1353 1399 1396 J
1402 1354 1645 1408 udaeorum,
1662 1369 1790 1410 quam

199 1427 434 1469 vocationis
477 1426 711 1469 Gentium:
747 1428 857 1469 hanc
892 1443 993 1470 vero
1034 1428 1164 1470 solam
1200 1428 1285 1470 Dei
1320 1428 1501 1484 gratiam
1541 1444 1645 1482 esse,
1682 1443 1792 1484 quae

200 1500 366 1543 Gentes
401 1501 508 1542 nihil
538 1501 623 1543 tale
656 1501 908 1557 cogitantes,
931 1502 1000 1543 vel
1035 1502 1245 1543 contraria
1275 1502 1416 1543 omnia
1435 1503 1697 1558 promeritas,
1719 1518 1792 1545 ve-

198 1590 372 1630 ramque
387 1575 601 1629 justitiam
631 1582 875 1617 aversantes
909 1576 1010 1617 fidei
1038 1576 1265 1617 donatione
1297 1576 1564 1631 praevenerit
1585 1577 1640 1618 ad
1664 1576 1793 1631 justi-

198 1648 304 1691 tiam
324 1648 723 1704 apprehendendam
741 1665 750 1690 :
773 1649 806 1691 J
808 1649 965 1691 udaeos
987 1665 1086 1691 vero
1108 1650 1249 1691 studio
1270 1650 1417 1705 legalis
1433 1650 1627 1704 justitiae
1646 1665 1792 1692 veram

192 1721 407 1777 justitiam
427 1722 758 1778 contempsisse:
789 1723 899 1765 hanc
920 1731 1045 1766 vocat
1068 1715 1184 1779 νόμον
1210 1715 1479 1771 δικαιοσῦνης,
1502 1724 1641 1780 legem
1664 1723 1793 1779 justi-

155 1843 158 1846 ,
197 1795 296 1850 tiae,
317 1812 404 1839 non
424 1803 513 1838 tam
538 1796 751 1851 justitiam
772 1797 919 1852 ipsam,
943 1813 1070 1852 quam
1098 1799 1188 1852 ejus
1209 1798 1583 1840 communicandae
1603 1798 1716 1840 viam
1746 1804 1791 1841 et

196 1870 406 1912 rationem
425 1885 502 1926 per
521 1871 748 1927 Evangelii
778 1871 1028 1925 doctrinam,
1059 1878 1108 1914 ut
1130 1887 1256 1928 supra
1281 1872 1422 1928 legem
1441 1872 1542 1914 fidei
1562 1871 1672 1914 dixit
1700 1871 1791 1914 3tio

198 1959 290 2000 cap.
312 1944 390 1986 sub
410 1945 552 1987 finem.
615 1943 745 1997 Quod
766 1945 895 1987 etiam
916 1946 1080 1992 duobus
1101 1946 1255 1988 Esaiae
1281 1946 1533 1988 testimoniis
1554 1946 1791 2000 confirmat,

198 2033 378 2073 quorum
399 2019 532 2061 altero
557 2018 684 2061 docet
703 2025 825 2061 tanto
846 2026 946 2061 ante
966 2019 1244 2075 praedictum,
1276 2020 1468 2062 Judaeos
1488 2020 1532 2061 in
1555 2019 1788 2074 Christum,

197 2098 402 2147 tanquam
441 2092 486 2133 in
524 2099 692 2148 petram
731 2093 918 2135 scandali
959 2101 1002 2135 et
1043 2093 1285 2136 offensionis
1324 2094 1582 2150 impacturos
1603 2110 1614 2144 ;
1655 2094 1789 2137 altero

200 2164 367 2208 Gentes
387 2166 432 2207 in
451 2166 572 2207 illum
601 2167 657 2208 ad
686 2167 865 2208 salutem
888 2174 1140 2222 speraturas.
1203 2167 1347 2220 Quare
1369 2174 1412 2210 et
1433 2168 1588 2210 abusus
1617 2168 1724 2224 legis
1744 2174 1790 2210 et

199 2246 471 2296 contemptus
486 2240 714 2296 Evangelii
728 2240 909 2282 Judaeis
926 2256 1052 2283 causa
1066 2241 1307 2296 rejectionis
1323 2241 1405 2283 fuit
1426 2257 1479 2284 ex
1489 2241 1607 2296 justo
1620 2240 1706 2282 Dei
1719 2241 1791 2295 ju-

200 2313 338 2356 dicio:
359 2313 595 2357 vocationis
613 2313 834 2368 Gentium,
855 2330 972 2357 mera
986 2315 1072 2357 Dei
1087 2315 1226 2372 gratia
1240 2330 1317 2371 per
1330 2314 1557 2371 Evangelii
1572 2314 1790 2370 praediea-

199 2387 374 2441 tionem,
398 2387 583 2443 Spiritus
606 2388 755 2431 Sancti
775 2388 935 2431 virtute
955 2389 999 2430 in
1020 2389 1122 2445 ipsis
1144 2389 1369 2432 efficacem.
1428 2388 1511 2430 Est
1530 2388 1664 2444 igitur
1682 2387 1788 2431 haee

199 2476 364 2504 summa
382 2462 486 2504 noni
505 2462 670 2518 capitis,
692 2462 726 2505 J
727 2463 885 2506 udaeos
906 2478 1062 2519 magna
1083 2478 1136 2506 ex
1164 2469 1286 2519 parte
1315 2461 1494 2516 rejectos
1517 2477 1620 2515 esse,
1649 2476 1788 2517 neque

198 2541 344 2578 tamen
363 2535 506 2578 Deum
525 2551 612 2579 non
631 2543 847 2592 praestare
867 2537 1073 2592 promissa
1092 2536 1292 2579 Abrahae
1322 2535 1473 2577 semini
1503 2541 1547 2578 et
1571 2534 1788 2578 Israelitas

197 2607 339 2651 facta:
361 2609 476 2663 quod
495 2625 644 2652 verum
665 2625 809 2652 semen
829 2610 1043 2664 Abrahae,
1065 2616 1109 2652 et
1135 2625 1260 2652 verus
1280 2608 1426 2662 Israel,
1447 2609 1503 2651 ad
1522 2623 1648 2664 quem
1670 2623 1790 2665 speo-

199 2688 296 2725 tant
313 2681 625 2738 promissiones,
645 2699 732 2726 non
754 2699 779 2726 a
805 2690 959 2726 natura
988 2684 1063 2726 sed
1082 2683 1222 2740 gratia
1250 2683 1486 2725 censendus
1507 2683 1590 2733 sit3
1620 2697 1706 2738 qua.
1733 2681 1789 2725 ab

199 2763 373 2799 aeterno
391 2754 514 2799 Deus
533 2756 753 2812 proposuit
774 2772 930 2810 secum,
952 2763 996 2800 et
1017 2756 1147 2813 elegit
1166 2756 1211 2798 in
1233 2755 1406 2800 Christo
1425 2771 1503 2813 pro
1521 2743 1801 2812 beneplacito¹

199 2829 433 2872 voluntatis
453 2845 567 2884 suae,
589 2845 695 2886 quos
716 2836 905 2872 servaret
925 2830 980 2872 ad
998 2829 1177 2887 gloriam
1207 2830 1370 2887 gratiae
1403 2837 1447 2873 et
1477 2830 1789 2873 misericordiae

200 2918 300 2946 suae
316 2920 327 2953 ;
358 2919 524 2947 necnon
544 2903 598 2946 ab
618 2910 791 2947 aeterno
811 2903 1031 2960 proposuit
1051 2919 1128 2960 pro
1142 2904 1378 2960 justissima
1394 2904 1614 2948 voluntate
1634 2915 1710 2946 sua
1724 2905 1790 2948 1·θὲ-
