1887 3188
171 197 253 236 412
800 206 1185 247 COMMENTARIUS,

172 327 316 369 busvis
338 326 568 369 servandis.
628 327 743 368 Nam
764 327 878 382 quod
900 327 1017 380 dicit,
1049 326 1183 368 cuivis
1214 326 1416 379 credenti,
1449 326 1588 368 innuit
1618 326 1762 368 Evan-

170 401 330 457 gelium
352 416 442 444 esse
463 401 664 443 credendi
696 416 770 443 seu
799 400 899 442 fidei
928 401 1271 454 instrumentum,
1304 416 1516 455 quaquam
1546 400 1764 443 obscurius

170 476 240 518 hic
260 475 306 517 in
334 475 530 531 prolepsi,
562 482 707 517 tamen
737 481 780 517 et
811 482 1016 529 sequente
1037 490 1078 516 v.
1100 474 1135 516 si
1156 475 1306 517 dextre
1335 475 1613 530 intelligatur,
1644 481 1689 517 et
1717 474 1764 516 in

171 565 409 606 progressu,
417 556 522 606 puta
535 565 625 605 cap.
640 565 681 590 x.
696 549 960 604 apertissime
974 549 1250 602 demonstrat,
1264 548 1339 590 ubi
1351 549 1527 591 verbum
1541 549 1640 591 fidei
1648 548 1764 605 quod

170 625 463 680 praedicamus
479 624 664 679 appellat
680 622 982 678 Evangelium.
1040 622 1185 676 Hujus
1202 623 1310 664 duae
1327 630 1427 665 sunt
1440 630 1582 679 partes
1599 639 1610 673 ;
1635 623 1763 679 prior,

172 698 366 741 doctrina
379 699 431 740 de
442 696 748 752 justificatione
763 696 864 738 fidei
880 697 934 737 ad
950 696 1130 738 salutem
1146 703 1233 738 tam
1250 697 1443 752 gentium
1459 712 1584 752 quam
1601 697 1635 739 J
1635 698 1765 740 udae-

172 788 293 816 orum
313 787 447 827 usque
469 771 523 812 ad
544 786 635 826 cap.
655 770 757 820 xii.;
788 770 1008 826 posterior,
1041 770 1280 812 exhortatio
1308 771 1362 812 ad
1387 771 1765 814 sanctificationem

171 846 418 902 quorumvis
457 852 546 887 tam
586 844 793 900 gentium,
835 859 963 899 quam
996 844 1264 887 «Iudaeorum
1299 845 1354 886 ad
1387 861 1459 887 xv.
1497 846 1564 887 14.
1636 844 1766 899 Quod

171 921 364 964 Judaeos
404 926 637 974 anteponat
678 918 824 960 ordine
864 918 1078 974 gentibus,
1118 918 1215 961 ideo
1256 926 1334 972 est,
1375 919 1490 974 quod
1530 919 1766 975 oportuerit

171 994 365 1047 Judaeis,
398 1008 577 1049 quorum
607 992 929 1048 praerogativae
964 992 1073 1034 infra
1103 993 1160 1034 ix,
1191 995 1231 1046 4,
1265 994 1304 1046 5,
1334 993 1559 1047 habentur,
1581 994 1765 1050 primum

172 1067 416 1111 annuntiari
450 1067 751 1123 Evangelium,
792 1067 912 1121 cujus
953 1067 1301 1122 promissionibus
1340 1068 1466 1124 longe
1507 1068 1766 1111 suavissimis

173 1143 284 1186 allici
305 1142 494 1198 oportuit
515 1157 568 1184 ex
589 1141 758 1183 oraculo
778 1141 948 1183 Noachi
967 1140 1218 1196 Japhetum,
1240 1148 1290 1183 ut
1309 1142 1476 1184 habitet
1505 1142 1550 1184 in
1571 1142 1766 1185 tentoriis
1833 1167 1838 1173 ·

174 1217 303 1271 Semi,
334 1216 445 1260 Gen.
471 1216 528 1257 ix.
588 1215 849 1271 Disputatur
879 1222 1023 1257 autem
1047 1215 1364 1270 justificationis
1387 1232 1440 1258 ex
1459 1216 1543 1259 fide
1574 1216 1768 1259 doctrina

173 1299 356 1348 quatuor
371 1290 581 1347 capitibus
598 1306 608 1339 3
633 1292 706 1332 5to
727 1289 997 1332 concluditur
1017 1305 1070 1332 ex
1092 1305 1141 1332 ea
1161 1305 1256 1345 spes
1278 1291 1425 1333 salutis
1442 1291 1700 1341 certissima3
1722 1298 1768 1334 et

174 1365 453 1410 sanctificatio
472 1363 791 1419 justificationis
817 1363 1016 1406 effectum
1037 1379 1086 1406 ac
1107 1371 1272 1406 certum
1304 1365 1608 1420 testimonium,
1637 1372 1767 1421 atque

172 1442 280 1487 adeo
301 1447 474 1483 aeterna
490 1438 637 1481 salutis
658 1437 813 1494 pignus
837 1440 922 1492 ssto,
947 1441 1032 1491 7to,
1055 1444 1099 1480 et
1119 1438 1255 1493 prima
1275 1446 1396 1494 parte
1427 1455 1518 1495 cap.
1540 1440 1625 1483 8vi.
1701 1439 1767 1483 Ut

175 1522 219 1558 et
226 1515 359 1557 altera
367 1514 403 1569 ej
408 1514 557 1556 usdem
565 1512 716 1568 capitis
724 1519 844 1567 parte
853 1512 1181 1566 justificatorum
1198 1520 1241 1554 et
1255 1513 1626 1568 sanctificatorum,
1634 1520 1764 1569 atque

174 1590 280 1632 adeo
293 1603 369 1644 per
389 1587 662 1643 adoptionem
677 1586 860 1628 filiorum
880 1586 966 1628 Dei
987 1592 1160 1628 aeterna
1181 1587 1292 1628 salus
1314 1594 1358 1629 et
1377 1587 1512 1643 gloria
1531 1588 1768 1631 certissima

174 1661 596 1720 magnificentissime
627 1661 909 1713 concluditur,
933 1663 1030 1714 9no,
1054 1662 1192 1714 lOmo,
1216 1663 1340 1704 llmo
1361 1677 1482 1717 capp.
1503 1668 1594 1704 tam
1615 1661 1769 1706 Genti-

174 1738 267 1792 bus,
276 1753 404 1793 quam
415 1736 448 1779 J
451 1736 597 1778 udaeis
606 1750 873 1778 communem
886 1734 995 1777 hanc
1009 1734 1157 1777 salutis
1171 1742 1215 1777 et
1221 1751 1238 1790 J
1244 1735 1767 1791 ustificationisrationem,

176 1828 230 1856 ex
245 1819 418 1855 aeterno
434 1811 520 1854 Dei
533 1811 706 1853 decreto
720 1816 764 1852 et
780 1808 1167 1866 praedestinatione
1180 1809 1367 1852 deducit.
1416 1810 1768 1866 Judaeorumque

175 1902 332 1943 magna
352 1901 404 1929 ex
424 1891 546 1942 parte
575 1884 852 1939 rejectionem
872 1884 927 1925 ad
947 1890 1130 1939 tempus,
1153 1883 1362 1926 Gentium
1381 1900 1483 1927 vero
1504 1885 1626 1940 quasi
1645 1885 1689 1927 in
1709 1885 1772 1928 lo-

175 1976 272 2005 cum
295 1975 441 2003 eorum
461 1958 811 2002 substitutionem
841 1964 964 1999 tanto
980 1964 1095 1999 vante
1123 1958 1386 2013 praedictam
1406 1959 1562 2002 divinis
1589 1960 1769 2003 oraculis

176 2035 413 2079 confirmat.
474 2025 735 2079 Amoewo't'lvn
773 2022 858 2088 ’γᾶξ
894 2024 1027 2085 θεοῦ]
1086 2032 1283 2075 Justitia·
1304 2033 1391 2076 Dei
1430 2049 1539 2089 quae
1579 2041 1646 2077 est
1683 2034 1769 2076 fide

175 2109 387 2166 retegitur
419 2123 497 2164 per
530 2107 817 2163 Evangelium
852 2107 907 2148 ad
941 2106 1071 2148 fidem
1109 2106 1441 2162 ingenerandam
1475 2107 1626 2150 animis
1661 2107 1770 2150 elec-

176 2191 333 2227 torum.
404 2182 524 2238 Ergo
559 2180 847 2236 Evangelium
886 2180 1142 2223 conferendo
1175 2180 1317 2234 fidem,
1359 2188 1404 2224 et
1438 2197 1491 2224 ex
1529 2181 1614 2224 fide
1642 2181 1771 2237 justi-

177 2259 296 2313 tiam,
317 2258 483 2301 confert
513 2257 708 2300 salutem.
766 2256 799 2299 J
801 2255 993 2298 ustitiam
1022 2255 1109 2298 Dei
1129 2247 1386 2300 ἀντιθετικῶς
1408 2254 1603 2309 justitiae
1623 2255 1771 2298 huma-

177 2349 272 2387 nae,
294 2339 338 2375 et
357 2338 536 2374 naturae
565 2330 727 2374 viribus
746 2330 1026 2386 praestandae
1051 2329 1287 2385 oppositam
1307 2328 1597 2385 intelligimus,
1654 2329 1772 2372 Ean-

178 2408 277 2450 dem
303 2406 517 2462 justitiam
537 2421 592 2448 ex
619 2404 705 2447 fide
725 2404 795 2447 vel
813 2403 916 2447 fidei
943 2404 1158 2459 justitiam
1177 2402 1432 2459 appellatam
1455 2403 1650 2458 justitiae
1670 2419 1772 2460 ope-

177 2496 274 2524 rum
293 2480 471 2536 opponit
498 2479 856 2535 quemadmodum
880 2484 1040 2534 aperte,
1067 2492 1160 2533 cap.
1189 2476 1249 2518 iii.
1273 2492 1314 2519 v.
1346 2479 1415 2531 22,
1439 2477 1652 2532 justitiam
1683 2477 1770 2521 Dei

176 2570 254 2613 per
283 2555 414 2597 fidem
443 2554 544 2596 Iesu
575 2552 738 2596 Christi
768 2559 907 2606 vocat,
938 2557 983 2594 et
1012 2566 1049 2594 c.
1069 2550 1128 2593 ix.
1158 2566 1200 2592 v.
1231 2552 1300 2604 30,
1324 2550 1539 2605 justitiam
1569 2567 1678 2607 quae
1703 2558 1770 2594 est

179 2645 234 2674 ex
251 2628 350 2682 fide,
372 2633 417 2670 et
436 2642 529 2683 cap.
548 2642 592 2668 x.
612 2642 654 2668 v.
676 2628 718 2680 3,
741 2626 918 2682 opponit
937 2624 1024 2667 Dei
1046 2623 1261 2679 justitiam
1289 2625 1484 2681 propriae
1503 2625 1537 2668 J
1538 2626 1770 2668 udaeorum

172 2702 383 2760 justitiae,
413 2707 458 2744 et
480 2699 696 2756 justitiam
716 2714 826 2754 quae
857 2705 923 2742 est
943 2713 998 2741 ex
1016 2698 1125 2754 lege,
1145 2713 1187 2740 v.
1210 2699 1249 2751 5,
1273 2698 1470 2753 justitiae
1499 2715 1608 2755 quae
1628 2705 1695 2742 est
1713 2714 1770 2743 ex

176 2778 276 2831 fide,
291 2792 334 2820 v.
352 2778 391 2819 6.
434 2775 590 2830 Itaque
609 2773 680 2816 hic
700 2779 766 2816 est
781 2771 989 2827 trajectio,
1012 2778 1056 2813 et
1077 2771 1234 2828 ellipsis
1254 2773 1445 2823 articuli3
1467 2773 1527 2816 sic
1547 2788 1650 2830 ergo
1669 2788 1770 2817 con-:-

176 2860 306 2907 strue,
328 2839 560 2896 δικαιοσύνη
579 2843 668 2889 θεοῦ
685 2840 708 2894 ἧ
725 2839 772 2886 ἐκ
792 2837 967 2892 πίστεως
980 2838 1016 2886 ἐν
1029 2837 1148 2902 ἁυτῷ
1163 2838 1524 2888 &mmmm-reme
1541 2841 1597 2894 ὲις
1611 2840 1766 2896 πίστιν,-
