1887 3188
233 257 315 298 468
837 268 1217 310 COMMENTARms,

235 380 274 425 ἐν
298 380 420 442 &fin
455 394 503 428 ut
526 387 697 442 justitia
726 388 845 444 legis,
877 389 966 431 sive
997 389 1199 444 quicquid
1226 390 1295 431 lex
1316 389 1506 444 requirit,
1538 397 1612 432 aut
1640 390 1774 447 exigit
1793 405 1819 432 a

234 461 368 515 nobis,
390 462 434 503 id
455 461 702 517 impleretur
723 469 766 504 et
787 469 1073 518 praestaretur
1093 478 1178 505 non
1198 470 1374 505 naturae
1396 464 1568 517 viribus,
1591 465 1665 506 sed
1687 464 1820 520 Spiri-

233 542 304 577 tus
324 536 463 592 gratia
489 535 534 576 in
560 535 681 578 nobis
709 536 833 591 plene
862 536 1147 590 sanctificatis,
1180 544 1223 579 et
1247 538 1336 591 jam
1356 538 1614 594 glorificatis.
1674 538 1819 593 Hujus

233 610 295 653 rei
316 610 597 653 certissimum
623 611 925 652 documentum
947 617 990 652 et
1011 610 1314 664 testimonium,
1347 613 1461 666 quod
1481 613 1549 655 hic
1569 613 1820 669 incipiamus

234 684 378 727 vivere
399 684 532 726 vitam
554 684 814 739 spiritualem
838 683 1000 738 Spiritu
1030 698 1106 725 nos
1135 684 1330 726 ducente.
1390 685 1520 728 Unde
1551 693 1718 728 const-at
1741 702 1819 729 nos

233 758 471 813 spirituales
494 773 584 799 esse
611 773 725 799 nunc
753 757 904 798 saltem
932 772 983 798 ex
1010 764 1143 812 parte,
1167 758 1281 812 quod
1310 757 1494 813 Spiritus
1518 760 1563 800 in
1588 760 1709 802 nobis
1731 760 1819 803 effi-

233 832 348 874 cacia
368 832 541 873 tandem
563 831 717 873 victrix
738 837 885 872 contra
905 831 1070 886 peccati
1090 831 1287 886 reliquias
1309 832 1364 873 sit
1384 832 1527 874 futura
1539 849 1550 883 3
1581 833 1678 875 ideo
1698 834 1820 889 spiri-

232 907 366 948 tuales
389 912 432 948 et
453 905 645 958 dicimur,
668 911 712 947 et
733 920 903 954 sumus3
935 905 1015 946 hoc
1038 911 1115 958 est,
1147 906 1261 960 quod
1282 906 1465 960 subjicit,
1491 907 1565 962 qui
1585 908 1818 949 secundum

232 980 440 1035 Spiritum
473 986 585 1032 sunt,
625 979 671 1034 (i.
705 994 741 1021 e.
775 979 1033 1034 spirituales)
1072 979 1306 1034 spiritualia
1341 980 1523 1035 sapiunt,
1560 997 1608 1023 ac
1640 982 1817 1037 proinde

229 1054 434 1096 incedunt
463 1054 696 1096 secundum
719 1053 938 1108 Spiritum,
971 1054 1086 1107 quod
1115 1053 1300 1095 illustrat
1327 1070 1351 1095 a
1379 1055 1614 1097 contrario:
1646 1055 1707 1097 Et
1731 1071 1817 1098 non

230 1129 462 1170 secundum
483 1143 665 1170 carnem.
724 1126 962 1168 Prudentia
982 1134 1125 1169 autem
1147 1127 1331 1183 Spiritus
1354 1136 1417 1170 est
1438 1129 1528 1171 vita
1549 1136 1592 1171 et
1612 1145 1708 1185 an,
1729 1130 1758 1172 i.
1780 1146 1816 1173 e.

230 1218 326 1245 cum
343 1203 433 1244 vita
454 1210 627 1244 aeterna
648 1208 691 1243 et
711 1217 815 1257 pace
837 1217 933 1243 cum
949 1201 1044 1243 Deo
1064 1201 1260 1256 (sublatis
1282 1218 1366 1244 non
1383 1203 1517 1244 solum
1534 1204 1817 1247 conscientiae

228 1277 472 1329 terroribus,
505 1277 580 1318 sed
603 1276 732 1318 etiam
760 1276 874 1318 omni
895 1276 1142 1329 vitiositate,
1175 1283 1218 1318 et
1243 1276 1358 1318 vitiis
1388 1277 1582 1319 omnibus
1608 1284 1816 1321 terrorum

228 1352 416 1394 omnium
438 1351 594 1406 causis)
613 1351 853 1405 conjuncta.
912 1349 1061 1391 Vitam
1079 1366 1179 1406 ergo
1201 1358 1244 1392 et
1259 1366 1407 1405 pacem
1429 1351 1604 1406 opponit
1625 1352 1751 1394 morti
1772 1359 1817 1395 et

228 1425 475 1467 inimicitiae
495 1425 540 1465 in
555 1425 711 1477 Deum,
733 1431 937 1479 tanquam
958 1424 1168 1465 contraria
1189 1424 1339 1466 effecta
1355 1426 1408 1467 de
1424 1426 1561 1468 causis
1582 1426 1815 1480 contrariis,

227 1499 427 1541 nimirum
456 1498 684 1554 prudentia
718 1497 903 1553 Spiritus
938 1504 981 1539 et
1015 1498 1242 1553 prudentia
1273 1499 1422 1540 carnis.
1482 1500 1630 1555 Atque
1664 1501 1728 1542 ita
1761 1516 1816 1543 ex

228 1573 562 1616 sanctificatione
591 1572 766 1614 deducit
786 1572 920 1613 vitam
948 1578 991 1614 et
1019 1587 1167 1627 pacem
1186 1571 1267 1614 hoc
1286 1572 1392 1625 loco,
1423 1579 1473 1614 ut
1500 1589 1638 1629 supra,
1660 1589 1751 1630 cap.
1772 1590 1814 1616 v.

229 1664 282 1691 ex
305 1647 611 1703 justificatione
639 1661 788 1702 pacem
813 1660 910 1688 cum
930 1645 1039 1698 Deo,
1071 1652 1115 1686 et
1143 1661 1260 1700 spem
1288 1646 1446 1701 gloriae
1466 1647 1564 1700 Dei,
1592 1648 1620 1689 i.
1642 1663 1678 1690 e.
1698 1647 1815 1690 vitae

228 1728 438 1764 aeternae.
500 1720 628 1773 Quod
650 1735 763 1773 vero,
787 1735 827 1762 v.
851 1722 889 1772 3,
920 1726 1010 1761 erat
1032 1712 1067 1758 ἓν
1090 1714 1143 1776 τῇ
1167 1711 1303 1775 σαρκὶ,
1335 1720 1451 1761 haud
1471 1721 1557 1763 scio
1577 1736 1632 1762 an
1651 1722 1707 1763 ad
1727 1737 1817 1764 car-

228 1811 326 1838 nem
349 1795 510 1838 Christi
536 1794 684 1837 referri
703 1794 870 1847 debeat,
902 1794 1017 1849 quod
1036 1793 1081 1834 in
1100 1793 1233 1849 ipsius
1260 1809 1385 1836 carne
1413 1795 1661 1837 damnatum
1686 1795 1815 1838 fuerit

227 1876 451 1926 peccatum
478 1884 564 1911 non
583 1868 834 1917 inhaerens3
867 1882 1016 1923 expers
1048 1867 1158 1909 enim
1182 1874 1271 1910 erat
1296 1868 1431 1910 omnis
1458 1869 1636 1924 peccati,
1667 1870 1742 1913 sed
1762 1885 1816 1913 ex

227 1944 510 2000 imputatione
545 1943 607 1984 illi
640 1942 900 1998 impositum,
941 1942 1056 1996 quod
1090 1948 1282 1984 nostrum
1318 1958 1424 1984 onus
1458 1942 1504 1983 in
1543 1958 1588 1985 se
1628 1944 1820 1993 sustulit,

228 2018 438 2074 Expende
466 2017 608 2059 locum
640 2016 900 2072 diligentius.
953 2008 1049 2054 ‘'Ivoe
1079 2006 1130 2054 τδ
1161 2008 1408 2071 δικαίωμα]
1476 2016 1610 2059 Plene
1639 2017 1815 2059 tandem

229 2091 598 2145 sanctificabimur,
630 2105 732 2146 ergo
761 2089 1035 2132 liberabimur
1061 2106 1086 2132 a
1114 2090 1209 2146 lege
1230 2091 1396 2146 peccati
1426 2097 1469 2132 et
1498 2091 1665 2133 mortis:
1695 2097 1816 2134 ante-

228 2167 396 2219 cedens,
417 2181 459 2208 v.
481 2167 521 2218 3,
544 2171 588 2206 et
608 2166 648 2218 4,
670 2179 945 2218 consequens,
967 2179 1008 2206 v.
1029 2166 1070 2205 2.
1129 2164 1330 2220 Intellige
1346 2165 1390 2207 vi
1410 2171 1454 2207 et
1475 2164 1660 2207 efficacia
1677 2180 1816 2207 resur-

226 2239 428 2283 rectionis
450 2238 625 2292 Christi,
657 2253 766 2294 quae
787 2244 1015 2280 consecuta
1036 2244 1101 2280 est
1121 2245 1302 2281 mortem
1329 2239 1432 2294 ejus.
1495 2230 1624 2277 Διότι
1646 2229 1697 2277 vd
1720 2230 1813 2295 φςό-

229 2312 372 2369 νημαι]
432 2313 575 2356 Docet
602 2328 678 2356 cur
697 2313 906 2369 sapientia
925 2313 1062 2355 carnis
1083 2313 1140 2356 sit
1163 2329 1288 2367 mors,
1317 2314 1416 2369 quia
1443 2320 1508 2356 est
1527 2313 1572 2354 in
1591 2313 1814 2356 inimicitia

228 2388 431 2430 adversus
462 2387 619 2429 Deum.
677 2387 740 2429 Et
775 2402 905 2442 quare
939 2387 985 2428 in
1017 2387 1240 2430 inimicitia
1270 2388 1471 2430 adversus
1503 2387 1680 2429 Deum?
1713 2388 1815 2443 quia

228 2461 315 2517 legi
346 2461 432 2503 Dei
462 2475 549 2503 non
581 2460 817 2515 subjicitur.
875 2461 937 2503 Et
969 2476 1099 2516 quare
1131 2476 1215 2504 non
1249 2460 1504 2516 subjicitur?
1533 2461 1633 2516 quia
1660 2468 1827 2505 natura*

230 2550 307 2577 sua
325 2534 388 2576 ita
407 2541 473 2577 est
491 2534 737 2577 refractaria
757 2541 800 2577 et
821 2541 1063 2588 contumax,
1085 2541 1134 2577 ut
1154 2534 1306 2589 subjici
1320 2534 1416 2576 Deo
1435 2534 1552 2577 nullo
1572 2536 1699 2578 modo
1718 2551 1815 2592 pos-

230 2609 316 2659 sit3
345 2615 510 2664 pugnat
535 2608 647 2650 enim
675 2624 773 2651 cum
800 2615 954 2650 natura
971 2608 1070 2661 Dei,
1101 2608 1176 2663 qui
1205 2613 1271 2650 est
1290 2607 1382 2663 ipsa
1405 2608 1622 2651 sanctitas.
1681 2608 1814 2662 “Qui

229 2697 332 2726 vero
358 2682 404 2723 in
430 2697 556 2724 carne
586 2683 724 2724 sunt.''
783 2682 828 2723 A
857 2682 1079 2725 contrariis
1108 2688 1444 2738 argumentatur.
1505 2681 1594 2735 Qui
1619 2683 1665 2724 in
1687 2683 1825 2726 carne'

231 2762 344 2810 sunt,
375 2755 472 2799 Deo
501 2755 668 2812 placere
697 2770 784 2798 non
813 2762 1016 2812 possunt:
1049 2755 1168 2811 Ergo
1200 2755 1274 2810 qui
1304 2755 1348 2797 in
1379 2755 1544 2812 Spiritu
1573 2763 1686 2810 sunt,
1716 2756 1813 2801 Deo

230 2831 429 2887 placent3
465 2829 520 2872 In
551 2828 717 2886 Spiritu
748 2835 892 2871 autem
922 2835 1036 2882 sunt,
1067 2828 1142 2883 qui
1171 2829 1406 2884 spiritualia
1435 2829 1633 2886 sapiunt3
1665 2836 1710 2873 et
1739 2831 1814 2887 qui

231 2904 468 2960 spiritualia
494 2904 680 2960 sapiunt,
707 2903 914 2946 incedunt
944 2903 1187 2946 secundum·
1210 2902 1435 2959 Spiritum3
1466 2903 1529 2946 Et
1563 2903 1637 2958 qui
1665 2918 1822 2947 secun--
