1887 3188
715 223 817 252 CAP.
843 225 883 252 V.
908 214 1051 253 20-91.
1617 210 1701 251 453

103 337 261 380 Adami
284 354 428 380 omnes
450 337 674 380 constituit
701 345 959 392 peccatores,
992 339 1050 380 sic
1080 338 1324 380 obedientia
1347 338 1508 381 Christi
1541 338 1698 380 electos

101 427 248 454 omnes
268 412 493 454 constituit
507 412 647 466 justos
664 427 675 460 3
707 426 755 453 ac
776 411 954 466 proinde
977 427 1026 454 eo
1048 414 1161 467 quod
1177 413 1286 467 justi
1308 420 1351 455 et
1372 413 1520 467 injusti
1541 412 1699 454 consti-

100 493 282 528 tuuntur
301 485 493 528 homines
523 501 600 541 per
619 485 953 528 inobedientiam
984 493 1028 528 et
1056 486 1357 539 obedientiam,
1389 487 1498 529 hanc
1521 486 1697 540 Christi,

98 560 214 602 illam
234 560 406 613 Adami,
430 566 494 602 est
514 575 627 603 mors
650 567 693 603 et
716 560 805 603 vita
826 561 1028 603 omnium.
1090 561 1161 602 Ex
1182 561 1247 603 his
1276 568 1419 604 autem
1451 561 1594 618 colligi
1623 577 1698 617 po-

97 641 184 677 test
205 650 290 690 quo
311 650 438 677 sensu
459 635 653 677 Adamus
685 636 853 678 dicatur
884 635 1047 679 Christi
1077 643 1221 692 typus,
1254 638 1310 679 20
1331 652 1372 678 v.
1432 636 1530 678 Lex
1552 643 1696 678 autem

96 716 318 765 praeterea
340 700 483 766 (παξθὶ
507 701 577 757 ’Τῆν
602 701 872 763 ἐυαγγελῖαν,
905 710 1018 753 Pisc.
1050 717 1220 766 praeter
1249 710 1570 767 promissionem
1602 725 1697 766 graff-

96 784 203 840 tiae)
221 785 412 841 ingressa
428 792 505 838 est,
529 792 597 827 etc
616 802 625 826 τ
649 785 696 828 Si
718 785 876 826 Adami
897 785 1108 840 injustitia
1128 785 1231 828 satis
1253 792 1365 828 esset
1387 786 1440 827 ad
1455 800 1600 827 omnes
1622 785 1697 827 ho-

95 859 231 901 mines
253 860 527 912 damnandos,
550 875 750 914 quorsum
782 875 888 915 opus
909 859 1049 902 fuerat
1077 860 1208 916 lege?
1238 860 1502 916 Respondet,
1524 867 1574 902 ut
1605 859 1698 901 irri-

94 940 187 976 tata
226 949 303 990 per
340 934 479 991 legem
520 941 698 977 naturae
738 935 1006 977 contumacia
1051 942 1275 991 peccatum
1329 935 1461 990 (Piso.
1505 935 1694 991 cognitio

93 1009 236 1066 lapsus
267 1008 445 1064 Adami)
478 1016 720 1066 augeretur,
753 1016 796 1052 et
827 1016 1004 1065 peccato
1038 1009 1101 1052 ita
1133 1016 1260 1052 aucto
1294 1010 1431 1065 magis
1464 1017 1695 1066 augeretur

92 1083 244 1141 gratia,
276 1099 360 1139 quo
391 1084 513 1140 plura
543 1090 587 1126 et
617 1084 812 1140 graviora
841 1084 976 1141 gratis
1006 1085 1315 1138 condonantur,
1348 1100 1398 1127 eo
1426 1084 1597 1127 uberior
1627 1092 1693 1127 est

91 1159 232 1216 gratia
252 1159 502 1215 amplitudo.
561 1159 683 1201 Finis
705 1166 849 1202 autem
871 1166 936 1201 est
956 1175 1059 1202 usus
1080 1159 1338 1202 exundantis
1363 1159 1540 1216 gratiae,
1563 1162 1616 1201 22
1650 1175 1691 1201 v.

91 1240 141 1276 ut
172 1233 312 1290 gratia
342 1240 495 1290 regnet
530 1249 607 1290 per
620 1234 835 1289 justitiam
857 1234 902 1275 in
933 1234 1068 1276 vitam
1090 1241 1332 1285 aeternam3
1364 1234 1519 1290 quibus
1550 1233 1691 1276 verbis

90 1308 274 1365 gratiam
294 1323 371 1364 per
393 1307 608 1363 justitiam
629 1323 781 1351 vocare
803 1308 987 1362 videtur,
1008 1309 1243 1365 gratuitam
1273 1308 1436 1352 Christi
1460 1309 1690 1364 justitiam,

89 1390 140 1426 ut
162 1399 287 1440 supra
304 1400 315 1434 3
338 1384 454 1438 quod
473 1398 654 1439 regnum
668 1383 864 1438 justitiae
880 1383 1066 1425 illustrat
1083 1383 1361 1426 similitudine
1377 1384 1556 1440 peccati,
1574 1385 1690 1440 quod

91 1459 289 1516 regnavit
310 1459 355 1500 in
384 1466 591 1508 mortem3
622 1459 685 1501 ita
705 1459 819 1501 enim
840 1458 1013 1501 videtur
1033 1459 1188 1501 debere
1219 1459 1325 1501 illud
1357 1453 1392 1498 ἓν
1415 1454 1488 1514 τῷ
1513 1452 1688 1515 θανάτῳ.

88 1534 255 1578 Causae
284 1533 418 1590 igitur
438 1534 552 1576 vitae
584 1540 629 1576 et
648 1533 798 1576 mortis
827 1533 890 1575 ita
919 1541 1221 1590 comparantur
1246 1534 1361 1577 inter
1390 1551 1448 1588 se,
1470 1542 1520 1577 ut
1542 1550 1688 1577 omnes

85 1609 131 1651 in
153 1609 327 1653 Christo
348 1624 401 1651 ex
422 1608 561 1665 gratia
581 1608 667 1650 Dei
688 1608 842 1650 mirum
863 1615 1071 1663 quantum
1089 1608 1344 1651 efficaciores
1365 1610 1420 1650 ad
1436 1609 1570 1651 vitam
1587 1609 1686 1663 sint,

87 1699 215 1740 quam
236 1683 282 1725 in
302 1683 472 1725 Adamo
494 1698 547 1725 ex
567 1691 721 1725 natura
741 1683 795 1725 ad
815 1689 998 1725 mortem
1019 1683 1334 1739 sempiternam.
1395 1683 1526 1728 Unde
1548 1691 1593 1727 et
1622 1685 1688 1726 in-

86 1758 224 1816 teUigi
243 1764 400 1814 potest,
432 1764 476 1800 et
496 1757 606 1800 hane
627 1757 805 1800 alteram
835 1757 988 1813 eapitis
1017 1764 1184 1813 partem
1214 1757 1269 1801 ab
1292 1760 1344 1801 11
1367 1774 1408 1801 v.
1429 1774 1515 1802 non
1545 1760 1686 1802 minus

85 1834 141 1876 ad
161 1832 310 1876 salutis
330 1832 633 1876 certitudinem
653 1832 1042 1886 demonstrandam,
1064 1848 1192 1888 quam
1213 1840 1379 1889 partem
1399 1833 1515 1876 illam
1537 1842 1581 1877 et
1601 1835 1688 1891 pri-

85 1923 214 1962 orem,
235 1914 286 1950 ut
305 1907 430 1950 initio
450 1907 553 1960 dixi,
574 1907 813 1963 pertinere:
846 1907 952 1950 adeo
972 1914 1022 1950 ut
1042 1914 1185 1950 totum
1213 1907 1295 1951 hoc
1325 1908 1525 1964 quintum
1555 1917 1687 1966 caput

84 1983 141 2026 sit
157 1983 211 2026 de
228 1982 365 2025 salute
385 1997 462 2038 per
480 1981 769 2039 Evangelium
784 1982 1053 2036 conferenda,
1069 1989 1120 2025 ut
1136 1983 1354 2040 superiora
1365 1984 1508 2040 capita
1523 1985 1577 2028 de
1592 1985 1686 2040 jus-

82 2057 182 2101 titia
196 2073 274 2114 per
287 2056 574 2114 Evangelium
589 2056 898 2113 patefacienda,
914 2063 964 2099 ut
982 2058 1036 2100 16
1053 2063 1098 2100 et-
1120 2059 1172 2101 17
1195 2073 1236 2102 v.
1260 2059 1283 2102 1
1306 2073 1398 2115 cap.
1419 2059 1686 2116 propositum

83 2133 179 2176 fuit.

620 2395 886 2440 SEXTUM
917 2395 1140 2441 CAPUT.

68 2511 154 2556 ·Ut
174 2517 311 2555 morte
333 2511 495 2556 Christi
513 2518 738 2570 peccatum
760 2511 982 2569 expiatur3
1012 2512 1076 2555 ita
1095 2512 1224 2556 etiam
1255 2513 1526 2571 extinguitur
1553 2516 1688 2574 impe-

85 2593 202 2630 trato
232 2586 398 2643 Spiritu
426 2593 731 2645 regenerante3
763 2602 894 2644 quare
914 2602 1013 2630 cum
1035 2587 1344 2643 justificatione
1363 2589 1466 2632 fidei
1485 2590 1687 2635 cohaeret

86 2661 434 2705 sanctificationis
453 2661 719 2716 beneficium,
736 2668 907 2705 tantum
927 2661 1062 2716 abest,
1077 2668 1129 2706 ut
1147 2662 1363 2720 gratuitae
1376 2664 1573 2720 justitiae
1585 2666 1686 2710 doc-

86 2736 202 2780 trina
220 2735 342 2779 bonis
369 2735 558 2780 moribus
587 2737 850 2792 adversetur,
871 2737 1230 2793 quemadmodum
1261 2739 1493 2782 adversarii
1522 2739 1687 2784 obstre-

86 2826 189 2868 pere
209 2816 538 2854 consueverunt.
595 2810 750 2855 Potest
767 2827 856 2855 non
884 2811 1031 2869 inepte
1055 2812 1216 2869 duplex
1235 2812 1322 2856 dici
1343 2813 1527 2868 justitia,
1549 2829 1685 2870 eaque

88 2884 290 2942 gratuita,
312 2885 432 2940 cujus
453 2884 588 2928 altera.
605 2885 663 2934 sit
683 2885 857 2930 alterius
886 2901 1052 2943 parens,
1073 2886 1157 2929 nisi
1186 2887 1282 2942 quis
1311 2887 1432 2930 malit
1458 2894 1686 2945 utramque
