1887 3188
751 185 850 215 CAP.
873 186 968 215 xiv,
994 176 1144 217 15-23.
1663 179 1744 219 505

171 317 276 356 mur,
304 319 495 359 quaeque
526 311 568 346 et
596 303 704 346 hanc
735 312 779 346 et
808 305 922 347 illam
953 313 1214 361 promovent,
1244 307 1430 350 studiose
1458 308 1745 352 confectemur

169 393 255 420 ver.
280 380 345 421 19.
404 378 578 420 Novum
608 386 904 435 argumentum
935 395 1031 422 cum
1062 381 1336 436 occupatione
1367 398 1452 425 ver.
1476 385 1542 426 20.
1602 384 1743 427 Edere

167 468 263 496 cum
293 453 431 495 fratris
462 453 713 496 offendiculo
744 460 809 496 θεῖ
839 455 928 509 ejus
959 456 1258 498 conscientiam
1287 457 1452 500 laedere
1482 465 1524 500 et
1545 459 1605 500 illi
1625 475 1744 502 occa-

169 528 326 570 sionem
343 528 542 584 praebere
558 529 770 572 resiliendi
784 529 916 584 afide,
939 546 1046 586 quae
1069 537 1132 573 est
1153 546 1257 587 opus
1278 531 1374 585 Dei,
1398 540 1524 588 atque
1540 534 1601 575 ita
1615 534 1743 576 fidem

168 618 264 646 cum
304 603 395 659 ipso
434 604 651 659 perdendi.
727 604 964 661 Occupatio
997 613 1061 648 est
1096 606 1237 648 omnia
1271 614 1370 649 sunt
1404 623 1521 663 pura.
1580 609 1743 651 Verum

168 679 282 733 quod
302 694 377 735 per
397 694 441 721 se
462 679 626 722 licitum
656 686 698 722 et
728 696 881 736 purum
912 687 989 734 est,
1022 681 1056 723 si
1084 697 1180 724 cum
1209 682 1348 725 fratris
1376 683 1628 726 offendiculo
1655 685 1742 739 fiat,

166 754 361 797 illicitum
383 761 427 797 et
456 754 668 810 impurum
699 755 842 797 evadit
872 771 958 798 ver.
981 758 1048 799 20.
1108 756 1249 814 Igitur
1278 757 1330 800 ab
1352 773 1400 800 eo
1431 758 1742 813 abstinendum,

167 845 254 872 ver.
284 831 351 871 21,
401 828 612 885 Prolepsis
644 829 732 873 sive
757 831 976 887 occupatio
1004 831 1108 873 alia:
1150 832 1339 876 Tametsi
1368 833 1495 876 fidem
1525 834 1667 888 habes,
1699 841 1743 878 et

120 961 127 966 ‘
166 904 406 947 libertatem
424 903 709 948 Christianam
729 907 852 962 plane
874 907 1099 963 cognitam,
1116 915 1258 950 tamen
1275 923 1359 951 non
1376 916 1439 951 est
1461 909 1666 964 ejusmodi
1679 925 1744 953 re-

167 980 246 1023 bus
267 980 415 1023 mediis
436 980 573 1036 palam
594 995 690 1023 cum
706 980 882 1023 fratrum
904 981 1131 1025 offensione
1152 983 1358 1025 utendum
1375 1000 1385 1034 3
1417 985 1491 1026 sed
1512 985 1652 1040 potius
1673 985 1742 1028 hic

166 1056 390 1099 thesaurus
411 1056 524 1112 apud
545 1071 588 1098 se
609 1057 912 1110 recondendus,
946 1064 988 1099 et
1018 1057 1126 1100 clam
1148 1073 1197 1101 eo
1217 1058 1440 1101 fruendum
1471 1075 1611 1102 coram
1632 1060 1740 1103 Deo.

166 1131 314 1187 Atque
333 1131 436 1174 haec
458 1131 598 1174 cautio
629 1138 793 1188 specta-t
814 1133 867 1174 ad
896 1132 1123 1183 firmiores3
1154 1133 1339 1177 infirmos
1370 1150 1469 1177 vero
1494 1135 1638 1189 altera,
1669 1136 1739 1178 Ne

166 1207 407 1264 ambigente
428 1207 686 1250 conscientia.
706 1207 929 1263 quicquam
950 1207 1119 1251 faciant.
1180 1209 1459 1266 Syllogismus
1489 1210 1655 1267 integer
1675 1218 1740 1254 est

166 1283 333 1326 inverso
357 1283 541 1339 partium
561 1282 707 1325 ordine
725 1282 1013 1338 z—Quicquid
1032 1283 1080 1326 fit
1101 1299 1185 1326 non
1207 1299 1259 1326 ex
1282 1285 1378 1338 fide,
1400 1293 1619 1341 peccatum
1648 1294 1737 1336 θεῖς

165 1358 278 1401 Esus
299 1358 434 1400 carnis
450 1357 692 1414 ambigente
707 1358 966 1400 conscientia
984 1359 1034 1401 fit
1049 1375 1134 1401 non
1151 1375 1202 1402 ex
1222 1360 1330 1410 fide3
1352 1360 1468 1417 Ergo
1491 1377 1585 1403 esus
1601 1362 1737 1405 carnis

164 1433 406 1491 ambigente
432 1432 690 1475 conscientia
719 1442 940 1489 peccatum
962 1441 1025 1476 est
1039 1450 1050 1484 3
1082 1434 1142 1477 Et
1163 1435 1235 1490 qui
1263 1435 1321 1478 sic
1343 1436 1443 1489 edit,
1472 1444 1620 1492 peccat
1640 1453 1738 1480 con-

163 1517 231 1552 tra
265 1508 578 1562 conscientiam,
607 1514 651 1550 et
678 1508 737 1551 sic
763 1509 945 1565 seipsum
970 1510 1236 1552 condemnat.
1297 1510 1522 1554 Conclusio
1552 1528 1638 1555 ver.
1668 1515 1737 1567 22,

162 1585 297 1641 primo
331 1584 436 1637 loco,
472 1582 703 1638 assumptio
739 1584 936 1637 secundo,
971 1584 1201 1640 propositio
1235 1585 1385 1628 ultimo
1415 1586 1519 1641 loco,
1555 1594 1735 1644 utraque

163 1674 251 1702 ver.
273 1661 341 1701 23.
400 1658 513 1699 Illud
542 1649 756 1713 δοκιμάζει
786 1657 830 1700 in
860 1659 1126 1702 conclusione
1146 1675 1232 1702 non
1253 1659 1462 1717 significat
1488 1661 1651 1704 firmam
1682 1678 1735 1705 ex

160 1733 245 1777 fide
286 1740 329 1776 et
364 1739 480 1776 certa
513 1733 666 1775 notitia
699 1732 1068 1789 approbationem3
1109 1735 1183 1776 sed
1211 1732 1503 1791 μετονυμικῶς,
1536 1736 1734 1780 effectum

163 1809 252 1864 ejus
282 1808 436 1865 potius,
461 1814 510 1850 ut
534 1807 711 1864 probare
737 1808 806 1851 hic
837 1807 892 1850 sit
922 1808 1132 1864 amplecti,
1155 1816 1198 1852 et
1227 1810 1363 1853 facere
1383 1827 1467 1854 non
1488 1827 1608 1855 secus
1628 1828 1677 1856 ac
1698 1813 1734 1855 si

160 1885 280 1926 firma
299 1883 383 1926 fide
403 1882 667 1940 approbaret,
697 1898 794 1925 cum
821 1889 964 1925 tamen
984 1883 1206 1927 dubitante
1237 1885 1494 1934 conscientia
1516 1887 1561 1929 id
1580 1887 1731 1938 faciat3

161 1967 290 2016 atque
319 1959 381 2001 ita
410 1959 583 2001 damnat
613 1958 809 2015 seipsum.
882 1957 1011 2011 Quod
1043 1959 1078 2001 si
1106 1958 1255 2002 beatus
1286 1967 1363 2015 est,
1396 1961 1469 2017 qui
1498 1978 1584 2005 non
1611 1963 1733 2006 dubi-

159 2042 280 2078 tante
293 2033 551 2077 conscientia
565 2033 667 2076 facit
693 2033 736 2076 id
762 2033 877 2090 quod
896 2033 1021 2084 facit3
1043 2041 1159 2077 certe
1180 2035 1306 2079 miser
1326 2043 1403 2090 est,
1418 2037 1490 2093 qui
1506 2037 1731 2094 quicquam

161 2110 359 2152 dubitans
380 2108 495 2163 facit,
517 2115 560 2151 et
580 2108 660 2152 hoc
680 2108 772 2165 ipso
792 2125 836 2152 se
857 2109 1043 2152 damnat.
1103 2109 1164 2153 Et
1185 2110 1361 2155 observa
1380 2112 1730 2169 significationem

158 2184 369 2242 participii
398 2174 689 2240 διακρινόμενος
717 2183 797 2227 hoc
825 2183 930 2238 loco,
961 2191 1008 2227 ut
1032 2199 1123 2241 cap.
1150 2184 1206 2228 iv.
1235 2201 1360 2242 supra
1389 2187 1442 2230 de
1471 2187 1729 2244 Abmhamo,

158 2252 205 2300 οὐ
237 2251 403 2316 διεκρίθη
434 2253 488 2316 τῇ
522 2250 716 2316 ἀπιστίᾳ,
752 2258 807 2300 ad
841 2258 1168 2301 confirmandam
1201 2267 1388 2303 nostram
1417 2261 1730 2318 interpretatio-

156 2350 256 2378 nem
279 2335 324 2377 in
350 2350 391 2378 v.
414 2336 437 2376 1
468 2333 594 2389 hujus
624 2348 714 2390 cap.
745 2326 798 2380 εἷς
821 2324 1035 2390 διακξῖσὲίς
1056 2331 1133 2374 τῶν
1156 2327 1448 2392 διαλογισμῶν.
1505 2336 1727 2394 Significat

157 2409 270 2453 enim
291 2409 466 2452 verbum
485 2409 578 2463 hoc,
600 2408 636 2451 si
655 2408 742 2450 vim
769 2409 884 2452 vocis
905 2416 1082 2465 spectes,
1098 2410 1303 2466 judicare,
1326 2418 1370 2454 et
1398 2411 1511 2455 inter
1530 2412 1727 2468 judican-

157 2485 260 2528 dum
279 2484 486 2528 alternare
507 2483 774 2538 sententiam,
796 2491 840 2527 et
860 2484 980 2540 quasi
998 2484 1044 2526 in
1064 2484 1250 2529 diversas
1271 2486 1502 2530 sententias
1515 2487 1725 2543 judicium

157 2559 403 2613 distrahere,
431 2560 546 2615 quod
572 2566 638 2602 est
667 2559 860 2602 dubitare
891 2566 934 2602 et
963 2559 1189 2617 ambigere,
1220 2567 1269 2604 ut
1303 2561 1347 2603 in
1381 2561 1483 2605 locis
1518 2562 1724 2605 omnibus.

118 2629 122 2634 ⁵
158 2633 345 2690 Elegans
374 2632 597 2675 verborum
619 2626 931 2691 woengoswoeo't'oe,
957 2637 1033 2680 sed
1059 2636 1266 2681 efficacior
1284 2638 1328 2680 in
1347 2638 1473 2682 rebus
1503 2639 1725 2696 emphasis,

157 2698 448 2764 διακρινομενός
466 2701 783 2767 κατακέκριται,
806 2726 846 2768 q.
863 2712 904 2754 d.
926 2711 999 2768 qui
1013 2713 1209 2768 judicans
1230 2713 1410 2768 dubitat,
1432 2721 1506 2756 aut
1527 2713 1726 2757 dubitans

148 2783 328 2839 judicat,
348 2782 384 2826 is
403 2783 550 2839 procul
569 2785 684 2826 omni
703 2785 831 2829 dubio
851 2786 1082 2831 certissime
1102 2803 1147 2832 se
1160 2788 1391 2844 judicando
1411 2789 1677 2832 condemnat.
