1887 3188
720 236 820 267 CAP.
844 238 907 267 1x.
932 228 1044 269 6-23.
1595 226 1679 268 479

89 353 167 399 bor
186 370 483 412 quemcunque
514 354 831 398 commiseratus
862 356 994 398 fuero.
1057 356 1226 409 Quibus
1247 356 1388 399 verbis
1418 356 1682 413 significatur

89 429 232 472 Deum
254 430 318 472 uti
338 429 576 482 clementia,
600 436 643 470 et
663 429 951 472 misericordia
971 430 1015 470 in
1037 446 1181 472 eorum
1213 430 1349 472 salute
1380 431 1681 486 promovenda,

88 518 194 559 quos
216 518 269 546 ex
288 518 405 545 mera
424 503 562 558 gratia
589 503 809 559 proposuit
841 503 894 545 ab
930 510 1103 546 aeterno
1137 504 1319 559 eligere:
1350 504 1412 546 Et
1445 520 1541 546 cum
1571 504 1685 546 inter

87 583 308 619 aeternum
329 576 414 619 Dei
434 577 698 632 propositum
721 584 764 619 et
785 577 948 620 consilii
970 578 1264 620 executionem
1281 577 1449 618 miseria
1464 577 1684 620 hominum

87 666 141 693 ex
161 650 349 706 ipsorum
370 651 506 707 culpa,
530 658 573 693 et
594 651 679 694 Dei
699 651 987 694 misericordia
1001 651 1287 706 justificandis
1310 658 1353 693 et
1370 651 1683 694 sanctificandis

85 724 131 766 in
172 724 346 768 Christo
387 725 532 767 electis
573 725 844 779 interveniat,
881 733 1109 781 antequam
1147 732 1394 768 serventur:
1425 740 1511 767 non
1542 733 1686 780 potest

86 798 208 841 Deus
229 799 373 841 videre
394 799 577 854 injustus
598 799 643 840 in
663 799 714 842 iis
736 800 967 842 servandis.
1028 800 1157 842 Unde
1179 800 1395 843 concludit
1416 800 1532 855 prius
1553 815 1685 842 mem-

86 873 211 916 brum
232 874 286 916 de
308 874 514 916 electione
532 874 704 916 z-Non
726 890 817 916 esse
838 875 971 930 igitur
990 875 1173 917 volentis
1194 890 1333 930 neque
1355 874 1577 928 currentis,
1609 875 1685 918 sed

87 947 326 990 miserentis
355 948 454 990 Dei.
514 948 644 990 Unde
664 948 884 990 hominum
905 964 991 991 non
1012 964 1139 1004 opera
1159 950 1285 991 modo
1308 956 1351 991 et
1377 949 1578 1001 actiones,
1609 949 1684 992 sed

87 1022 217 1064 etiam
233 1029 410 1064 conatus
428 1029 471 1064 et-
493 1022 635 1064 studia
657 1023 954 1065 excluduntur.
1005 1023 1164 1065 Itidem
1180 1024 1234 1064 ad
1251 1023 1431 1065 alterum
1448 1023 1684 1065 membrum

87 1096 141 1138 de
162 1096 458 1152 reprobatione
483 1097 712 1152 respondet
745 1097 991 1152 Scripturae
1022 1097 1279 1150 testimonio,
1302 1104 1431 1152 atque
1462 1097 1569 1140 adeo
1598 1097 1685 1139 Dei

86 1170 240 1224 verbis⁷
270 1170 423 1226 quibus
455 1186 499 1213 se
531 1171 738 1213 excitasse
769 1171 1036 1213 Pharaonem
1069 1171 1129 1214 ait
1162 1172 1216 1213 ad
1251 1172 1429 1228 gloriam
1464 1172 1683 1227 potentiae

86 1251 130 1287 et
159 1245 355 1299 justitiae
386 1260 486 1287 suae
521 1245 829 1287 illustrandam.
888 1245 1036 1300 Atque
1072 1245 1171 1288 inde
1203 1246 1419 1288 concludit
1454 1253 1684 1301 utrumque

85 1319 347 1369 membrum3
369 1319 637 1361 Elec-tionem
660 1326 703 1361 et
723 1320 1065 1375 reprobationem
1086 1335 1111 1361 a
1131 1320 1216 1362 Dei
1236 1321 1458 1362 voluntate
1480 1335 1584 1373 esse,
1607 1320 1683 1362 sed

83 1392 144 1435 ita
165 1399 214 1436 ut
235 1393 365 1449 eligat
387 1409 440 1435 ex
460 1393 759 1447 misericordia,
782 1400 826 1436 et
846 1394 890 1435 in
912 1395 1162 1449 exequendo
1184 1395 1356 1437 decreto
1372 1394 1681 1450 reprobationis

82 1468 268 1521 induret,
299 1475 530 1522 antequam
559 1468 724 1523 perdat,
746 1467 876 1523 idque
898 1484 950 1510 ex
966 1468 1151 1524 justitia.
1213 1468 1333 1521 Quos
1366 1468 1479 1511 enim
1509 1469 1681 1511 indurat

81 1542 202 1590 Deus
223 1542 268 1584 in
289 1542 375 1584 suis
406 1542 613 1596 sordibus,
644 1542 726 1583 nisi
757 1558 833 1584 sua
860 1543 984 1598 culpa
1011 1543 1347 1598 conspurcatos?
1381 1543 1536 1598 Itaque
1556 1543 1681 1584 indu-

80 1617 190 1659 ratio
210 1616 280 1659 hic
300 1616 605 1672 praesupponit
636 1616 920 1658 voluntariam
951 1617 1278 1672 corrupt-ionem,
1305 1623 1349 1659 et
1379 1617 1679 1673 antegrediens

79 1697 317 1747 peccatum.
369 1689 575 1745 Sequitur
592 1692 644 1733 19
667 1706 708 1732 v.
729 1690 863 1732 altera
879 1690 1074 1745 objectio,
1093 1691 1167 1733 sed
1188 1706 1263 1746 pro
1277 1691 1466 1746 reprobis
1483 1697 1678 1733 tantum:

82 1764 131 1808 Si
150 1765 322 1807 indurat
343 1764 464 1807 Deus
485 1779 591 1819 quos
612 1764 719 1818 vult,
742 1772 785 1807 et
807 1765 898 1820 ejus
919 1765 1132 1807 voluntati
1151 1780 1277 1807 nemo
1304 1771 1448 1821 potest
1467 1764 1678 1818 resistere,

79 1845 156 1881 aut
175 1839 381 1895 impedire
402 1839 518 1894 quod
546 1839 750 1892 decrevit,
774 1838 862 1891 Qui
894 1839 986 1881 fieri
1006 1846 1162 1894 potest,
1193 1846 1243 1881 ut
1270 1840 1367 1894 jure
1399 1840 1573 1882 damnet
1603 1845 1680 1881 aut

77 1913 244 1970 perdat,
267 1928 373 1968 quos
394 1913 540 1956 volens
570 1912 818 1955 induravit?
877 1913 1128 1969 Respondet
1156 1914 1330 1969 quidem
1362 1929 1449 1956 non
1480 1914 1678 1970 negando

77 1987 188 2030 hanc
210 2002 301 2029 esse
322 1987 408 2029 Dei
428 1986 707 2041 voluntatem,
730 1987 806 2030 sed
825 1987 960 2044 ipsam
991 1988 1045 2030 ad
1067 1989 1282 2042 orandam,
1304 2003 1390 2031 non
1409 1996 1680 2044 perscrutan-

79 2061 178 2104 dam
198 2061 471 2104 homuncioni
491 2068 660 2103 tantum
681 2061 801 2116 cujus
822 2062 1018 2104 modulus
1039 2062 1124 2105 Dei
1144 2062 1477 2105 immensitatem
1503 2077 1589 2105 non
1610 2077 1680 2104 ea-

77 2135 194 2193 piat3
217 2142 261 2178 et
281 2135 444 2178 homini
463 2135 607 2178 Deum
629 2151 859 2192 opponens,
881 2137 1002 2192 cujus
1024 2137 1222 2183 voluntas
1244 2143 1309 2180 est
1330 2137 1466 2180 omnis
1481 2136 1680 2192 justitiae

76 2209 237 2267 regula,
275 2225 321 2252 os
357 2209 541 2252 obstruit
580 2210 866 2266 responsatori
883 2227 893 2253 ε
923 2211 986 2253 Et
1024 2211 1191 2267 prolata
1230 2211 1507 2254 similitudine
1541 2210 1679 2267 figuli,

76 2284 221 2330 Deum
237 2284 297 2327 sie
317 2284 469 2338 facere,
488 2291 531 2326 et
545 2284 664 2339 juste
679 2284 818 2327 facere
834 2285 1036 2328 ostendit.
1095 2285 1298 2342 Augetur
1313 2284 1546 2328 similitudo
1563 2299 1677 2327 com-

77 2358 298 2414 paratione
329 2358 568 2414 imparium,
592 2357 640 2401 Si
670 2373 801 2414 penes
833 2359 1012 2416 figulum
1033 2365 1099 2402 est
1133 2374 1236 2403 vasa
1267 2359 1430 2415 fingere
1451 2374 1504 2401 ex
1525 2359 1674 2402 eadem

76 2431 159 2474 luti
178 2447 317 2475 massa
335 2433 546 2476 arbitratu
566 2448 642 2475 suo
663 2432 708 2474 in
727 2432 838 2476 hanc
858 2433 928 2476 vel
957 2433 1072 2475 illam
1102 2433 1293 2487 formam,
1315 2433 1397 2475 alia
1417 2433 1590 2489 quidem
1620 2433 1676 2476 ad

76 2505 365 2548 honestiorem
384 2522 523 2560 usum,
545 2507 627 2549 alia
646 2507 786 2549 minus
815 2506 1056 2561 honestum,
1078 2514 1240 2563 quanto
1259 2507 1395 2564 magis
1414 2513 1674 2563 potestatem

76 2579 209 2643 habet
229 2579 350 2627 Deus
369 2580 415 2622 in
433 2580 668 2629 humanum
688 2597 837 2639 genus,
860 2582 976 2637 quod
996 2597 1049 2624 ex
1069 2597 1156 2625 uno
1177 2582 1411 2637 eodemque
1426 2581 1518 2624 luto
1533 2581 1673 2635 finxit,

78 2660 124 2698 et
143 2669 198 2697 ex
216 2653 459 2701 hominibus
478 2655 581 2699 alios
600 2655 760 2712 gloriae
781 2655 885 2698 alios
915 2655 1173 2712 ignominiae
1202 2655 1544 2713 praedestinare:
1575 2670 1674 2698 cum

76 2727 140 2771 ita
152 2727 366 2784 justitiam
387 2734 432 2770 et
451 2729 686 2784 potentiam
707 2745 827 2778 suam
847 2729 909 2772 illi
929 2729 1068 2773 visum
1089 2737 1161 2777 est>
1181 2730 1393 2776 illustrare
1422 2729 1674 2786 praesertim

77 2818 174 2854 cum
195 2801 373 2845 lenitate
393 2808 542 2848 utatur
559 2803 604 2845 in
633 2803 826 2854 homines
850 2804 969 2859 juste
992 2805 1257 2860 perdendos3
1289 2819 1396 2860 quos
1417 2810 1542 2846 vocat
1570 2818 1678 2846 vasa.

76 2876 164 2921 irae
183 2877 240 2918 ad
259 2876 483 2921 interitum
503 2884 829 2933 coagmentata:
859 2893 958 2921 cum
979 2885 1023 2922 et
1043 2879 1123 2922 hae
1144 2879 1273 2923 etiam
1293 2877 1458 2922 ratione
1487 2877 1672 2922 illustret
