1887 3188
649 215 750 244 CAP.
775 216 836 243 1x.
861 206 939 253 303
973 216 1016 244 X.
1042 208 1079 245 7.
1590 205 1669 247 481

75 327 252 383 probare
275 334 318 370 et
338 327 534 369 indurare
557 327 601 368 in
628 327 815 369 faecibus
841 328 1028 369 sordium
1056 343 1239 381 suarum,
1263 344 1367 383 quos
1394 330 1511 384 juste
1532 330 1671 386 perdi-

75 409 197 444 turus
231 409 354 454 esset,
384 416 480 443 cum
509 400 564 442 ad
593 400 812 455 potentiae
844 408 887 442 et
912 401 1107 455 justitiae
1140 418 1239 444 suae
1275 403 1452 459 gloriam
1484 404 1527 444 in
1558 404 1670 459 ipsos

76 476 384 528 declarandam,
408 482 500 517 tum
529 474 583 516 ad
608 474 902 516 illustrandam
931 490 1033 531 erga
1059 476 1215 518 electos
1236 477 1548 519 misericordiae
1570 493 1670 519 suae

74 549 266 607 gloriam.
338 548 468 601 Quod
497 555 718 591 aeternum
749 549 973 591 consilium
1005 565 1127 592 suum
1158 550 1362 606 patefecit
1390 551 1433 591 in
1464 557 1669 606 tempore,

74 630 226 667 vocato
242 623 490 666 Abrahamo
505 639 557 666 ex
575 623 692 667 Semi
708 623 924 680 progenie,
944 630 987 666 et
1004 623 1239 666 Abrahami
1252 624 1340 666 filio
1355 624 1517 676 Isaaco,
1534 624 1672 667 Isaaci

73 713 175 740 vero
195 697 375 751 Jacobo,
399 699 574 753 ejusque
595 698 775 753 posteris
798 698 1016 752 Israelitis,
1035 714 1132 741 cum
1153 699 1316 741 interea
1332 706 1499 741 ceterae
1520 706 1671 755 gentes

74 771 236 815 alienae
257 788 282 814 a
301 772 519 828 republica
548 772 731 825 Israelis,
765 779 807 815 et
839 773 1034 815 exclusae
1056 789 1080 815 a
1101 773 1258 815 visibili
1289 774 1478 827 ecclesia,
1510 773 1554 815 in
1585 773 1672 816 suis

75 846 448 902 superstitionibus
466 854 795 896 evanescerent3
817 847 1091 890 nihilominus
1113 863 1189 903 per
1208 848 1437 904 prophetas
1458 848 1672 904 praedixit

75 920 196 963 Deus
209 927 298 963 tam
314 920 522 964 Gentium
537 922 816 975 vocationem,
832 937 957 977 quam
974 922 1247 977 rejectionem
1261 923 1541 976 «ludaeorum,
1556 923 1672 978 quod

75 994 120 1036 hi
139 994 359 1038 Christum
373 996 416 1037 in
431 996 669 1053 Evangelio
684 996 946 1039 offerendum
960 997 1269 1039 contumaciter
1284 997 1484 1052 rejecturi
1500 1003 1642 1039 essent
1659 1013 1670 1047 ;

74 1068 171 1111 illae
192 1085 294 1112 vero
311 1071 493 1113 eundem
514 1070 597 1113 fide
614 1086 666 1113 ex
682 1071 821 1127 gratia
836 1071 1106 1127 amplexurae
1124 1072 1356 1114 secundum
1379 1072 1548 1114 oracula
1567 1071 1672 1114 Pro-

75 1143 314 1200 phetarum.

595 1445 898 1490 DECIMUM
930 1446 1151 1490 CAPUT.

129 1595 294 1638 Rursus
310 1595 444 1653 igitur
458 1596 581 1640 initio
597 1597 752 1640 decimi
765 1612 871 1653 cap.,
885 1612 997 1640 nova
1008 1597 1324 1640 insimulatione
1342 1613 1454 1650 usus,
1469 1604 1513 1640 et
1527 1597 1580 1640 de
1597 1612 1673 1640 suo

78 1686 180 1727 erga
206 1671 400 1713 Judaeos
431 1671 586 1725 studio,
619 1677 662 1713 et
682 1671 950 1714 «Iudaeorum
981 1687 1082 1728 erga
1102 1671 1245 1714 Deum
1275 1671 1366 1714 zelo
1395 1678 1672 1727 protestatus,

77 1745 271 1788 Judaeos
301 1745 567 1802 ignorantiae
596 1745 703 1802 legis
734 1745 951 1789 convincit
972 1761 1025 1788 ex
1044 1746 1137 1802 ipsa
1165 1746 1274 1802 lege,
1306 1752 1349 1788 et
1379 1746 1672 1789 contumaciae

78 1819 310 1876 redarguit.
369 1819 525 1876 Itaque
546 1819 760 1876 duplicem
774 1819 987 1875 justitiam
1010 1820 1239 1876 explicans,
1260 1820 1441 1877 legalem
1463 1826 1507 1863 et
1526 1820 1673 1863 Evan-

78 1893 272 1950 gelicam,
290 1893 400 1936 hanc
415 1893 527 1948 fidei,
549 1894 664 1936 illam
685 1909 886 1950 operum3
907 1894 1085 1936 alteram
1105 1894 1347 1949 humanam,
1369 1894 1547 1937 alteram
1563 1894 1673 1937 divi-

79 1983 206 2018 nam3
236 1967 270 2011 J
273 1969 430 2011 udaeos
460 1984 580 2011 suam
604 1968 819 2023 just-itiam
851 1968 1031 2026 exlegis
1060 1968 1258 2025 operibus
1288 1968 1541 2023 affectando,
1564 1968 1673 2012 divi-

79 2058 180 2085 nam
205 2042 307 2086 fidei
335 2058 389 2086 ex
415 2042 703 2100 Evangelium
725 2043 940 2098 justitiam
968 2038 1286 2099 contempsisse,
1315 2043 1458 2099 idque,
1485 2049 1537 2086 ut
1568 2043 1671 2097 dixi,

78 2117 186 2175 legis
206 2117 460 2175 ignorantia,
491 2132 589 2160 nam
619 2117 726 2174 legis
755 2117 852 2160 finis
874 2116 1072 2161 Christus
1102 2118 1157 2160 ad
1181 2117 1396 2173 justitiam
1421 2117 1556 2161 cuivis
1584 2133 1674 2161 cre-

80 2191 201 2235 denti
213 2208 226 2242 ;
257 2191 318 2235 sic
338 2192 392 2234 ad
415 2190 527 2245 Gal„
560 2190 704 2234 “Lex
723 2191 996 2249 paedagogus
1027 2193 1082 2234 ad
1113 2191 1371 2235 Christum.''
1434 2192 1532 2235 Lex
1559 2192 1673 2235 enim

78 2266 168 2310 lata.
186 2281 272 2310 non
293 2265 388 2320 fuit,
409 2273 460 2308 ut
481 2265 705 2322 quisquam
725 2280 802 2322 per
824 2265 963 2323 legem
987 2265 1320 2322 justificaretur3
1352 2281 1478 2322 supra
1499 2281 1591 2322 cap.
1611 2266 1671 2309 iii.

80 2355 169 2386 ver.
191 2342 274 2392 193
304 2355 454 2384 verum
484 2346 534 2382 ut
562 2339 755 2383 homines
785 2355 887 2382 suae
912 2339 1150 2395 injustitiae
1180 2355 1258 2396 per
1282 2340 1422 2397 legem
1453 2339 1673 2384 convictos

81 2414 139 2458 ad
151 2415 435 2471 quaerendam
451 2415 497 2456 in
519 2413 692 2458 Christo
706 2413 922 2470 justitiam
934 2413 1185 2471 impelleret,
1201 2429 1287 2458 non
1301 2430 1355 2458 ex
1368 2414 1578 2471 operibus,
1599 2415 1676 2458 sed

80 2489 168 2534 fide
197 2488 484 2543 obtinendam,
506 2505 548 2532 v.
569 2490 610 2530 4.
669 2488 724 2530 Id
743 2488 806 2531 ita
835 2503 927 2531 esse
948 2488 1075 2532 docet
1095 2503 1150 2532 ex
1168 2488 1306 2544 Mose,
1337 2489 1552 2546 descripta
1579 2495 1675 2532 tum

80 2563 210 2620 legali
228 2577 417 2620 operum,
437 2570 533 2606 tum
551 2562 816 2620 Evangelica
833 2562 935 2606 fidei
948 2562 1144 2618 justitia3
1164 2563 1278 2606 illam
1300 2563 1345 2605 in
1364 2563 1472 2621 legis
1486 2569 1677 2620 praesta-

82 2632 201 2681 tione
227 2636 490 2693 impossibili,
510 2637 620 2681 hanc
641 2637 685 2679 in
705 2637 991 2694 Evangelium
1010 2637 1284 2694 persuasione
1305 2637 1478 2692 efficaci,
1500 2645 1544 2681 et
1565 2637 1676 2680 salu-

84 2711 168 2755 tari
186 2711 272 2754 fide
292 2725 319 2754 a
337 2710 462 2754 Mose
477 2711 725 2755 collocatam
746 2712 1055 2755 demonstrans.
1107 2712 1338 2756 Caeterum
1357 2712 1474 2769 prior
1487 2712 1605 2754 locus
1621 2726 1676 2754 ex

85 2784 232 2828 Levit.
245 2799 282 2828 c.
295 2783 427 2838 xviii„
441 2800 481 2827 v.
497 2786 536 2839 5,
550 2799 635 2840 quo
641 2785 753 2843 legis
760 2785 932 2842 justitia
943 2785 1198 2830 describitur
1209 2787 1349 2843 posita
1363 2786 1408 2828 in
1420 2785 1677 2842 praestanda

84 2859 194 2917 lege,
214 2865 267 2902 ut
285 2857 425 2916 quivis
445 2857 704 2903 vitam-inde
723 2867 1021 2916 consequatur.
1079 2860 1280 2904 Alterum
1300 2859 1592 2904 testimonium
1623 2873 1679 2902 ex

849 2935 875 2975 2
896 2945 932 2975 H
