1887 3188
253 214 334 256 498
849 222 1222 263 COMMENTARIUS,

255 346 369 398 tiam,
393 360 517 400 quam
538 351 653 386 metu
673 358 830 399 poenae
848 360 858 393 3
891 343 966 386 sub
988 359 1071 399 qua
1091 351 1133 386 et
1153 343 1383 399 praemium
1404 342 1615 386 obedienti
1644 340 1820 385 includi-

254 429 336 473 tur,
354 428 402 462 ut
422 419 703 476 intelligamus
725 434 808 460 non
829 427 915 460 tam
931 419 1161 474 praemium
1182 426 1224 460 et
1244 434 1432 474 poenam,
1455 433 1561 474 quae
1582 418 1665 459 duo
1685 417 1819 459 solum

255 502 409 551 urgent
441 494 622 547 Politici,
656 494 729 536 sed
759 494 891 535 multo
923 493 1055 549 magis
1088 493 1396 546 conscientiam,
1429 508 1536 549 quae
1567 492 1708 535 Deum
1740 491 1820 533 sibi

256 578 409 613 testem
430 577 473 612 et
493 569 703 612 vindicem
723 584 886 624 semper
904 568 1032 609 habet
1053 568 1105 609 ob
1127 568 1279 621 oculos,
1300 569 1355 609 ad
1374 568 1653 610 obediendum
1676 565 1822 622 impel-

255 646 341 688 lere
357 662 368 696 3
399 646 482 687 imo
503 660 601 687 vero
623 644 658 686 si
677 643 791 685 nulla
810 651 998 684 maneret
1017 642 1135 695 ultio,
1161 650 1302 684 tamen
1324 643 1421 698 quia
1441 642 1607 684 divinae
1628 648 1693 684 est
1712 640 1823 683 ordi-

257 720 438 762 nationis
458 726 601 761 nostra
621 717 871 770 obedientia,
892 717 987 759 ideo
1017 732 1070 759 ne
1093 724 1181 759 tam
1203 717 1430 772 benignum
1449 716 1620 759 Patrem
1641 716 1826 758 offenda-

258 810 363 847 mus,
386 794 525 836 obstet
545 792 800 835 conscientia
824 798 1002 847 oportet.
1063 790 1103 835 O
1126 792 1266 833 surdi!
1299 791 1339 835 O
1361 791 1499 834 caeci!
1531 797 1574 833 et
1603 790 1824 847 plusquam

260 869 412 922 miseri,
444 868 516 924 qui
536 868 614 910 hoc
635 882 719 909 non
740 866 840 909 satis
870 866 1223 908 animadvertunt.
1282 866 1520 909 Parendum
1541 865 1594 908 ob
1614 865 1827 908 conscien-

260 945 363 987 tiam
394 943 544 999 probat
568 958 592 984 a
616 941 785 984 tributis
816 941 1062 997 pendendis,
1095 942 1207 997 quod
1240 949 1405 984 sextum
1436 947 1730 998 argumentum
1762 945 1828 982 est

259 1018 521 1061 obedientiae
542 1033 567 1058 a
586 1023 754 1073 recepta
774 1016 1089 1070 consuetudine,
1107 1031 1311 1059 consensu
1331 1017 1529 1070 omnium,
1551 1024 1594 1059 et
1607 1017 1703 1072 jure
1723 1030 1826 1072 gen-

260 1094 367 1136 tium
383 1092 593 1136 communi
607 1109 617 1142 3
639 1092 762 1146 hujus
776 1091 1089 1134 consuetudinis
1105 1107 1271 1134 causam
1285 1091 1405 1134 affert
1417 1092 1542 1148 longe
1551 1090 1827 1147 justissimam

262 1170 375 1224 quod
388 1169 471 1211 sint
482 1158 708 1224 λειτουργοὶ
723 1161 849 1215 Θεοῦ,
862 1166 1056 1209 officiales
1073 1173 1116 1209 et
1132 1166 1365 1208 administri
1378 1166 1474 1219 Dei,
1481 1166 1828 1222 publicomunere

263 1245 498 1301 fungentes,
524 1258 608 1285 non
628 1241 922 1298 perfunctorie,
954 1242 1027 1284 sed
1058 1241 1163 1284 serio
1185 1248 1228 1284 et
1248 1241 1394 1283 sedulo
1423 1240 1631 1283 assiduam
1661 1254 1829 1296 operam

264 1326 505 1361 constanter
533 1324 577 1360 et
599 1317 809 1374 patienter
842 1323 1045 1359 navantes
1077 1316 1186 1359 bono
1218 1316 1398 1372 publico.
1472 1315 1664 1359 Observa
1694 1314 1831 1358 obiter

263 1391 491 1450 λειτοῦξγον
524 1392 607 1436 dici
637 1392 705 1435 hic
738 1392 902 1434 civilem
935 1392 1238 1448 magistratum,
1271 1399 1438 1434 tantum
1469 1391 1588 1434 abest
1619 1397 1668 1433 ut
1696 1390 1831 1433 Missa

266 1469 491 1512 Pontificia
511 1483 674 1524 semper
692 1458 966 1523 λειτουργείας
982 1466 1160 1520 nomine,
1177 1473 1250 1508 aut
1265 1463 1596 1522 Mt‘tovgyofivwv
1615 1464 1830 1507 functione

266 1544 321 1586 sit
341 1543 626 1600 intelligenda.
685 1542 845 1599 Magna
874 1541 1081 1598 emphasis
1111 1542 1155 1582 in
1184 1541 1403 1597 participio
1434 1535 1828 1597 προσκαρτεροῦντες,

265 1633 348 1675 quo
364 1634 447 1660 non
463 1625 629 1661 tantum
645 1617 822 1673 aucupio
839 1624 881 1660 et
897 1616 1080 1670 venatui,
1094 1616 1224 1658 Esavi
1240 1623 1313 1658 aut
1328 1616 1534 1658 Nemrodi
1545 1616 1689 1669 instar,
1705 1629 1832 1671 quam

265 1694 518 1750 reipublicae
535 1694 636 1735 dent
658 1707 825 1748 operam
843 1709 853 1733 ε
883 1691 988 1734 Ideo
1008 1691 1107 1734 boni
1126 1691 1334 1747 principes
1355 1697 1398 1733 et
1417 1690 1595 1747 legitimi
1615 1689 1834 1747 magistra-
1883 1716 1887 1722 ‹

266 1776 336 1813 tus
356 1775 468 1822 sunt,
490 1769 542 1811 de
563 1767 714 1823 quibus
733 1767 802 1810 hic
823 1766 962 1823 agitur
982 1774 1025 1809 et
1045 1781 1149 1821 quos
1170 1765 1362 1822 depingit
1375 1765 1573 1822 graphice
1589 1763 1832 1821 Apostolus,

268 1851 311 1887 et
331 1843 482 1900 quibus
498 1843 677 1885 debetur
692 1842 824 1885 omnis
843 1841 1033 1898 legitima
1052 1840 1302 1884 obedientia.
1361 1840 1489 1883 Unde
1505 1839 1730 1894 concludit,
1746 1853 1833 1882 ver.

270 1923 308 1973 7,
341 1917 497 1962 Omnia
517 1916 709 1959 omnibus
733 1916 877 1959 debita
904 1931 993 1977 esse
1022 1915 1285 1972 praestanda,
1315 1930 1392 1957 nec
1422 1915 1490 1957 cui
1510 1914 1733 1971 quicquam
1762 1914 1835 1957 de-

268 1994 465 2046 bendum,
495 1992 577 2034 nisi
605 2006 790 2034 amorem
818 1997 1012 2033 mutuum
1033 1997 1076 2033 et
1096 1990 1356 2044 charitatem,
1381 2005 1450 2032 vv.
1472 1992 1496 2033 8
1519 1995 1562 2032 et
1583 1991 1622 2044 9,
1643 2003 1750 2046 quae
1769 1994 1836 2032 est

269 2068 455 2111 omnium
475 2067 682 2110 virtutum
703 2065 1035 2109 Christianarum
1063 2065 1184 2121 quasi
1213 2065 1407 2122 epitome,
1437 2071 1565 2120 atque
1594 2064 1699 2107 adeo
1728 2063 1836 2106 divi-

267 2159 347 2186 nae
375 2142 494 2200 legis,
524 2142 560 2184 si
588 2141 712 2197 plena
741 2140 868 2183 fuerit
898 2147 941 2182 et
970 2139 1168 2196 perfecta,
1198 2139 1562 2195 complementum,
1582 2145 1632 2181 ut
1651 2153 1758 2194 quae
1778 2137 1834 2180 sit

267 2217 401 2261 nostri
431 2217 476 2259 in
506 2216 649 2259 Deu‘m
679 2214 831 2258 amoris
863 2221 906 2258 et
937 2214 1089 2257 amoris
1120 2214 1255 2257 sancti
1277 2204 1475 2271 ἀπόῤῥωξ,
1505 2212 1677 2255 rivulus.
1749 2211 1833 2254 His

267 2292 415 2350 positis
436 2292 489 2335 de
509 2291 624 2334 omni
642 2290 823 2333 Politico
843 2305 868 2332 a
888 2289 1138 2333 Christianis
1157 2288 1269 2332 inter
1288 2304 1332 2331 se
1352 2287 1541 2331 faciendo
1568 2286 1716 2341 officio,
1737 2285 1835 2329 sub-

263 2366 410 2424 jungit
440 2364 775 2409 abhortationem
806 2379 892 2407 ver.
927 2366 993 2418 10,
1018 2370 1062 2406 et
1082 2363 1273 2406 stimulos
1304 2363 1501 2405 admovet
1531 2367 1780 2419 argumento
1809 2376 1837 2404 a

270 2441 470 2498 temporis
509 2439 825 2484 circumstantia
863 2439 918 2481 ad
961 2453 1084 2481 omne
1122 2437 1396 2480 christianum
1440 2436 1622 2479 officium
1665 2442 1835 2479 strenue

269 2516 595 2573 praestandum:
625 2513 828 2571 imprimis
857 2527 956 2556 vero
985 2513 1041 2555 ad
1068 2510 1388 2568 temperantiam
1408 2517 1452 2553 et
1471 2509 1836 2554 mansuetudinem

271 2590 500 2634 colendam.
550 2588 879 2633 Circumstantia
889 2585 1088 2644 temporis
1101 2593 1178 2640 est,
1193 2585 1388 2628 instantis
1401 2585 1491 2629 dies
1506 2585 1626 2642 quasi
1637 2584 1714 2628 sub
1729 2585 1837 2628 dilu-

272 2665 367 2710 culo
379 2665 470 2721 jam
489 2671 612 2707 nocte
631 2678 739 2719 pene
762 2668 985 2715 transacta,
1015 2661 1128 2703 unde
1147 2660 1437 2716 opportunitas
1456 2659 1712 2717 propinquae
1731 2659 1836 2703 lucis

271 2746 516 2798 praemonet
529 2738 720 2781 habitum
735 2736 809 2792 qui
822 2736 907 2779 luci
926 2734 1148 2779 conveniat
1167 2735 1462 2778 assumendum
1483 2749 1585 2789 esse,
1604 2734 1648 2776 h.
1669 2749 1705 2777 e.
1724 2733 1838 2791 puri-

272 2823 406 2859 tatem
425 2821 469 2858 et
488 2812 784 2856 innocentiam.
843 2811 1033 2863 Illustrat
1051 2809 1131 2852 hoc
1151 2809 1349 2866 temporis
1369 2815 1660 2866 argumentum
1680 2823 1707 2851 a
1724 2823 1838 2852 com·
1885 2816 1887 2866 J

271 2889 455 2947 paratis3
485 2886 756 2946 propinquior
782 2901 895 2929 nunc
916 2891 980 2928 est
1000 2884 1123 2939 salus,
1153 2899 1279 2940 quam
1309 2884 1476 2940 quando
1505 2882 1724 2938 credimus,
1754 2882 1836 2938 i.e.‚
