1887 3188
804 244 1027 274 ELENCHI.
1628 237 1712 277 393

120 399 123 401 ,
171 362 227 404 V.
251 365 289 406 9.
323 355 506 418 Μάρτυς
521 353 617 418 γοὶξ,
644 364 725 405 850.
786 363 888 405 Non
909 371 997 405 tam
1020 372 1215 420 occupat,
1237 372 1287 407 ut
1308 365 1413 406 mihi
1436 366 1608 409 videtur
1638 367 1711 410 ob-

109 436 342 491 jectionem
378 438 499 479 dilati
529 439 753 491 adventus,
788 453 915 493 quam
944 438 1098 494 probat
1129 439 1244 494 quod
1264 439 1456 495 proxime
1483 441 1625 495 posuit
1657 442 1711 484 de

114 525 192 552 sua
210 511 442 566 gratiarum
475 504 762 568 actione,‘qua
782 513 1023 569 gratulatur
1043 513 1248 556 Romanis
1280 514 1573 556 celebritatem
1597 515 1710 558 fidei.

112 583 228 626 Nam
249 584 284 626 si
305 585 520 628 studiosus
542 593 607 628 est
628 588 849 644 augendae
869 588 1038 630 illorum
1068 588 1180 641 fidei,
1213 595 1300 630 tam
1323 589 1563 644 praesentia
1584 605 1711 644 quam

112 672 240 714 opera
260 675 347 713 sua,
371 676 471 703 sane
498 676 584 703 non
612 668 754 717 potest-
775 677 861 704 non
890 663 1040 704 laetari
1061 663 1114 705 de
1135 663 1303 705 illorum
1323 663 1421 717 fide,
1445 670 1488 706 et
1510 664 1545 706 si
1565 679 1710 720 preca-

114 739 187 775 tur
202 734 383 788 assidue,
401 743 451 777 ut
468 736 548 777 sibi
564 737 824 779 concedatur
843 737 915 778 illa
936 737 1232 793 opportunitas
1248 738 1341 780 illos
1359 754 1408 780 ea
1429 740 1482 781 de
1503 755 1630 781 causa
1650 739 1714 780 in-

112 808 292 862 visendi,
325 809 475 864 quidni
505 810 634 853 etiam
661 811 820 867 gratias
842 821 942 868 agat
963 812 1073 865 Deo,
1096 819 1191 866 etc.,
1215 813 1268 855 de
1289 813 1456 856 illorum
1478 814 1590 856 felici
1611 829 1710 857 con-

112 882 307 925 ditione?
339 883 522 926 Causam
544 901 645 927 vero
667 886 789 928 dilati
810 887 1020 929 adventus
1041 887 1189 942 rejecit
1213 888 1258 928 in
1279 903 1371 944 cap.
1392 904 1477 942 xv.,
1504 889 1620 944 quod
1639 889 1709 932 hic

111 972 197 1000 non
219 965 306 1000 tam
328 960 548 1001 commode
570 967 838 1014 tractaretur,
859 961 933 1003 ubi
955 968 1072 1004 totus
1095 970 1159 1004 est
1180 962 1225 1003 in
1247 963 1556 1019 significatione
1578 963 1712 1006 studii·

112 1032 190 1085 sui,
213 1034 326 1088 quod
349 1034 537 1076 declarat
558 1050 655 1076 cum
677 1035 817 1077 fausta
836 1036 1093 1091 precatione,
1116 1053 1156 1078 v.
1181 1041 1218 1090 7,
1241 1044 1335 1079 tum
1357 1045 1503 1080 sancta
1523 1038 1710 1094 gratula-

111 1106 240 1160 tione,
263 1123 304 1149 v.
327 1111 366 1151 8.
440 1108 528 1152 Sed
553 1110 682 1151 etiam
712 1110 838 1152 huius
869 1111 1167 1166 gratulationis
1199 1112 1532 1166 confirmatione,
1564 1112 1707 1168 idque,

111 1188 200 1223 tam
229 1183 384 1236 studio,
417 1199 457 1225 v.
483 1185 548 1237 11,
579 1199 704 1239 quam
736 1185 966 1240 proposito,
999 1201 1039 1227 v.
1065 1187 1131 1239 13,
1162 1186 1375 1228 invisendi
1404 1187 1633 1241 Romanos,
1666 1194 1710 1230 et

111 1271 252 1298 coram
284 1258 632 1314 evangelizandi3
661 1266 711 1301 ut
740 1259 935 1301 omittam
967 1261 1226 1303 mentionem
1258 1261 1372 1302 illam
1404 1261 1707 1316 Romanorum,

111 1350 237 1389 quam
269 1333 372 1375 facit
393 1334 436 1374 in
458 1334 634 1389 agendis
659 1334 755 1375 Deo
785 1334 934 1389 gratiis
965 1342 1216 1390 perpetuam
1250 1335 1329 1390 (sic
1355 1336 1467 1377 enim
1489 1336 1708 1392 distinguo

109 1409 214 1450 illud
237 1399 522 1453 ἀδιαλεὶπτως
542 1415 583 1450 et
602 1400 795 1452 πάντοτε)
813 1414 862 1449 ut
878 1408 958 1450 hoc
975 1409 1029 1450 ad
1045 1409 1314 1464 participium
1335 1402 1515 1465 δεόμενος
1540 1401 1609 1450 ἐπὶ
1631 1407 1708 1449 τῶν

110 1478 356 1540 προσευχῶν,
394 1483 500 1524 illud
520 1498 621 1524 vero
647 1484 702 1524 ad
728 1482 986 1525 mentionem
1010 1476 1044 1521 ἐν
1068 1477 1127 1538 ’τῷ
1152 1474 1403 1540 ἐυχαρὶστειν
1423 1484 1615 1537 referam,
1647 1484 1709 1526 ita

109 1565 160 1601 ut
179 1558 450 1614 participium
484 1548 665 1613 δεόμενος
693 1573 864 1600 causam
890 1558 1082 1600 includat
1112 1558 1341 1600 mentionis
1372 1559 1512 1601 illius:
1546 1559 1612 1601 Ut
1633 1559 1707 1614 qui

109 1634 290 1689 rogem.)
354 1632 483 1686 Quod
500 1633 600 1687 quia
620 1639 852 1688 occupatus
874 1632 974 1674 alibi
995 1633 1039 1673 in
1061 1647 1235 1674 munere
1256 1633 1487 1688 fungendo,
1510 1640 1554 1675 et
1570 1649 1595 1675 a
1612 1633 1708 1689 Spi-

110 1707 198 1749 ritu
218 1707 380 1750 Saneto
402 1707 614 1749 distentus
634 1714 850 1763 praestare
871 1722 956 1748 non
977 1713 1134 1762 potest,
1156 1706 1308 1750 absens
1329 1707 1432 1750 facit
1452 1723 1528 1764 per
1547 1708 1705 1762 literas,

111 1782 227 1838 quod
246 1796 445 1838 praesens
466 1781 603 1825 facere
624 1780 910 1837 maximopere
932 1781 1075 1823 vellet.

168 1930 226 1973 V.
250 1933 318 1974 10.
348 1929 581 1973 Defectum
606 1937 680 1972 aut
712 1922 900 1983 ἔλλειψιν
930 1931 1090 1973 nullam
1118 1931 1271 1982 vide03
1303 1947 1441 1987 neque
1469 1932 1580 1975 enim
1607 1948 1707 1976 eon-

114 2005 294 2048 structio
316 2005 397 2048 erit
417 2005 615 2059 insolens,
638 2012 712 2048 aut
728 2005 911 2047 absurda
931 2005 1157 2060 sententia,
1179 2006 1215 2048 si
1234 2006 1506 2063 participium
1526 1998 1707 2062 δεόμενος

116 2095 213 2122 cum
235 2079 365 2122 verbo
388 2073 507 2119 ἐλθεῖν
528 2087 819 2136 componatur,
841 2083 917 2135 i.e.,
949 2081 1138 2139 Rogans,
1159 2088 1209 2124 ut
1229 2081 1303 2137 qui
1322 2097 1482 2139 rogem,
1513 2083 1583 2126 vel
1603 2084 1706 2126 dum

110 2170 215 2212 rogo
235 2161 285 2197 ut
306 2154 473 2198 veniam
496 2156 550 2197 ad
572 2170 660 2198 vos.

170 2305 228 2348 V.
260 2307 329 2348 12.
366 2300 509 2346 Τοῦτο
546 2297 586 2345 δὲ
624 2297 689 2351 ἔςι.
749 2305 928 2363 Mitigat
960 2306 1234 2362 asperitatem
1265 2306 1384 2349 verbi
1414 2300 1704 2362 στηριχθῆναι,

82 2424 89 2426 ,
112 2380 306 2423 modesta
324 2380 691 2437 interpretatione,
712 2387 763 2423 ut
783 2380 1114 2423 confirmationis
1134 2381 1228 2423 loco
1249 2380 1598 2435 cohortationem,
1630 2389 1706 2425 aut

113 2453 458 2509 consolationem,
476 2470 654 2511 eamque
667 2470 935 2498 communem
952 2461 996 2498 et
1011 2463 1204 2497 mutuam
1219 2454 1466 2498 substituat.
1514 2455 1707 2512 Ideoque

114 2529 255 2571 minus
274 2533 395 2571 recte
411 2529 616 2584 quidam
604 2545 649 2571 1n
669 2529 783 2572 hunc
809 2514 963 2583 locum,
994 2529 1352 2586 “Interpretatur
1372 2528 1554 2586 (inquit)
1576 2523 1705 2573 finem

114 2603 248 2656 illum,
269 2602 545 2658 posteriorem
559 2619 646 2646 non
661 2610 832 2646 tantum
848 2619 952 2658 esse,
973 2611 1022 2646 ut
1038 2603 1120 2660 ipsi
1135 2603 1451 2658 confirmentur,
1473 2604 1550 2646 sed
1562 2604 1704 2658 etiam,

116 2678 222 2720 etc.”
271 2676 411 2718 Immo
426 2691 527 2719 vero
543 2677 664 2732 quasi
683 2685 902 2721 revocaret
916 2678 962 2720 id
979 2678 1093 2734 quod
1109 2678 1276 2721 dixerat
1297 2678 1351 2721 de
1371 2678 1710 2732 confirmatione,

116 2750 238 2808 quasi
257 2749 435 2792 nimium
451 2758 698 2807 arroganter
713 2752 876 2795 dictum
892 2767 990 2795 cum
1005 2752 1172 2796 illorum
1193 2752 1464 2806 contumelia,
1485 2768 1562 2808 per
1575 2752 1708 2795 inter-

49 2811 58 2816 ⁹
116 2824 400 2882 pretationem
430 2824 603 2879 subjicit
632 2825 809 2868 verbum
840 2826 1000 2880 mitius,
1034 2827 1149 2883 quod
1176 2826 1316 2870 minus
1349 2826 1550 2880 offendat,
1585 2833 1629 2869 et
1659 2826 1710 2868 in‘

117 2899 335 2945 meliorem
355 2904 521 2955 partem
541 2898 774 2956 accipiatur
792 2899 970 2944 facilius.
