1887 3188
733 190 833 221 CAP.
856 191 940 221 ΧΠ.
964 180 1051 223 4-8.
1646 181 1731 223 493

135 311 248 367 poris
279 312 480 366 membra,
513 318 556 354 et
586 311 875 353 functionibus
907 311 1114 353 obeundis
1146 312 1310 365 idonea,
1339 312 1439 354 data
1475 319 1574 355 sunt
1610 313 1732 355 nobis

136 379 407 441 χαρίσματα,
431 386 457 427 i.
479 401 516 428 e.
538 385 675 428 officia
696 393 740 427 et
767 401 941 428 munere
963 401 1060 428 cum
1082 387 1203 428 donis
1224 402 1301 442 pro
1323 386 1555 429 officiorum
1578 395 1621 430 et
1642 403 1734 429 mu-

135 476 285 503 nerum
316 461 579 503 diversorum
609 461 774 503 ratione
805 461 1011 508 diversis3
1043 461 1125 502 nisi
1150 461 1284 503 mavis
1311 477 1385 518 per
1404 455 1525 517 χάριν
1553 453 1733 501 δοθεῖσαν

135 533 375 590 intelligere
396 533 534 576 officia
551 542 594 577 et
611 550 814 584 munera3
847 551 921 591 per
941 526 1199 591 χαρίσματα
1223 537 1334 578 dona
1354 537 1556 592 gratuita,
1580 537 1734 592 quibus

136 607 280 650 idonei
310 609 529 651 reddimur
555 609 734 664 quisque
766 625 842 651 suo
870 610 1068 652 faciundo
1100 610 1250 662 officio,
1284 617 1327 652 et
1360 611 1525 653 muneri
1556 610 1738 667 fungen-

139 681 208 724 do.
269 682 394 724 Rom.
417 683 458 736 i.‚
494 685 559 736 11,
592 676 655 721 ἵνα
680 695 721 721 τι
751 675 923 738 μεταδῶ
946 677 1142 739 χάρισμα
1175 676 1269 740 ὑμῖν
1291 676 1587 740 πνευματικὸν.
1649 685 1738 727 Ubi

139 756 290 812 incipit
320 757 532 799 illustrare
563 772 787 800 commune
824 765 868 800 et
900 759 1141 801 universale
1174 760 1428 814 prudentiae
1463 767 1739 816 praeceptum

142 831 443 874 distributione
479 846 702 874 munerum
740 832 1136 886 ecclesiasticorum,
1179 840 1222 875 et
1258 834 1313 875 ad
1350 849 1495 876 eorum
1530 834 1739 876 rationem

141 905 531 948 accommodatione
549 922 558 955 3
592 905 747 960 quibus
769 906 964 948 omnibus
985 906 1065 949 hoc
1088 922 1311 950 commune
1335 915 1412 961 est,
1434 915 1484 950 ut
1506 910 1741 951 secundum

141 979 241 1022 fidei
269 980 519 1036 analogiam,
553 996 680 1035 quam
701 972 846 1037 μέτρον
868 972 1043 1026 wicram
1073 982 1255 1036 vocavit,
1287 998 1326 1024 v.
1354 985 1392 1037 3,
1416 990 1459 1025 et
1480 984 1644 1040 gratiae
1669 984 1742 1026 de-

141 1069 335 1096 mensum
358 1055 592 1105 obeantur3
624 1061 674 1097 ut
696 1056 832 1098 silicet
855 1056 1034 1111 quisque
1051 1071 1306 1112 quocunque
1328 1073 1502 1100 munere
1523 1058 1741 1114 fungendo

141 1128 256 1170 intra
276 1129 511 1171 vocationis
533 1136 576 1171 et
597 1129 868 1172 revelationis
895 1145 995 1172 suae
1017 1131 1190 1172 modum
1213 1146 1257 1173 se
1279 1132 1511 1174 contineat.
1570 1132 1638 1175 Ac
1659 1132 1743 1175 for-

145 1210 257 1246 tasse
283 1203 425 1256 etiam,
454 1203 539 1245 imo
567 1204 715 1259 procul
746 1204 861 1246 omni
887 1204 1030 1257 dubio,
1059 1220 1145 1247 non
1174 1205 1310 1247 solum
1337 1206 1392 1247 ad
1422 1221 1676 1260 mensuram,
1700 1213 1744 1249 et

143 1278 461 1334 proportionem
482 1278 583 1320 fidei
604 1279 755 1320 suadet
778 1278 948 1334 exigere
965 1279 1206 1325 functiones
1229 1280 1535 1323 ecclesiasticas
1553 1297 1563 1330 3
1596 1295 1745 1323 verum

145 1353 274 1395 etiam
291 1353 525 1395 secundum
543 1353 721 1395 eandem
738 1352 860 1408 fungi
882 1353 1078 1395 omnibus
1100 1354 1289 1395 omnium
1308 1353 1649 1397 Christianarum
1662 1355 1746 1398 vir-

145 1434 289 1470 tutum
311 1426 580 1482 sequentium
602 1433 691 1468 tam
712 1426 948 1480 moralium,
971 1443 1100 1482 quam
1127 1427 1396 1483 politicarum
1419 1429 1566 1472 officiis
1589 1446 1599 1479 3
1646 1445 1746 1472 nam

148 1502 217 1558 (ut
241 1501 351 1557 dixi)
381 1501 620 1543 universale
650 1507 926 1556 praeceptum
959 1500 1229 1544 Christianae
1264 1503 1518 1558 prudentiae
1554 1504 1608 1546 ad
1640 1504 1746 1547 haec

147 1576 289 1619 omnia
317 1576 518 1632 pertinet.
581 1575 649 1618 Sit
679 1590 859 1631 zeugma
883 1591 908 1616 a
932 1576 1084 1631 priore,
1117 1591 1202 1631 quo
1232 1576 1338 1618 illud
1361 1567 1483 1616 κατα
1512 1570 1745 1631 ἀναλογίαν

148 1646 323 1695 πίστεως
344 1656 564 1705 repetatur
583 1649 628 1690 in
649 1649 844 1691 omnibus
862 1649 1075 1703 membris,
1098 1657 1142 1692 et
1158 1651 1383 1693 sententiis
1401 1652 1747 1696 exhortationum

149 1723 453 1780 sequentibus3
487 1730 529 1765 et
553 1715 744 1775 ἔλλειψις
766 1723 884 1765 verbi
915 1724 984 1766 vel
1013 1725 1195 1780 proximi
1218 1717 1389 1781 ἔχωμεν,
1418 1725 1484 1768 vel
1511 1726 1654 1782 potius
1681 1743 1747 1770 re-

148 1798 340 1841 motioris
373 1793 569 1853 φρονῶμεν
598 1788 721 1836 κατ-οὶ
757 1789 992 1850 ἀναλογίαν
1023 1790 1212 1853 πίστεως,
1249 1800 1519 1843 membratim
1549 1792 1640 1840 από
1669 1799 1746 1842 τοῦ

149 1869 287 1912 κοινοῦ
305 1872 541 1929 repetendi.
601 1872 845 1929 Distinguit
876 1888 1054 1916 munera
1083 1874 1371 1918 ecclesiastica
1390 1891 1489 1918 cum
1517 1876 1603 1918 suis
1623 1877 1747 1920 donis

148 1948 195 1990 in
215 1946 483 2004 prophetiam
513 1962 610 1990 cum
633 1947 755 1990 donis
775 1947 1049 2004 propheticis,
1073 1955 1116 1991 et
1138 1940 1347 1988 διακονίαν
1368 1965 1466 1992 cum
1493 1950 1615 1993 donis
1637 1951 1748 2006 ejus-

150 2023 276 2066 dem:
308 2021 576 2078 prophetiam
605 2036 751 2064 rursus
786 2021 831 2063 in
866 2023 1048 2065 docendi
1081 2030 1126 2065 et
1161 2024 1416 2066 exhortandi
1450 2040 1618 2080 munus,
1650 2040 1748 2069 cum

152 2097 275 2140 donis
296 2095 552 2152 cognitionis
574 2102 617 2138 et
638 2096 884 2153 sapientiae,
907 2112 1087 2152 quorum
1108 2097 1190 2141 hoc
1210 2099 1404 2154 pastoris,
1421 2099 1527 2142 illud
1548 2100 1747 2155 doctoris,

154 2173 177 2214 1
205 2171 306 2215 Cor.
331 2171 404 2213 xii.
478 2170 608 2224 Quod
638 2171 836 2214 subditur
861 2162 883 2209 ὅ
903 2162 1155 2226 μεταδιδοῦς
1175 2188 1433 2229 quamquam
1460 2174 1514 2216 ad
1541 2166 1748 2214 διακονίαν

152 2246 225 2290 alii
247 2246 446 2299 referant,
469 2260 643 2289 moveor
657 2245 862 2288 tamenin
882 2246 1098 2302 praesenti
1117 2253 1168 2289 ut
1188 2247 1395 2301 dubitem,
1417 2263 1472 2290 an
1492 2249 1548 2290 ad
1566 2249 1749 2306 prophe-

151 2321 258 2364 tiam
287 2320 435 2364 referri
462 2320 611 2377 possit,
633 2320 873 2376 cujusmodi
893 2327 1104 2364 tractatur
1124 2327 1217 2364 toto
1237 2321 1324 2364 xiv.
1348 2321 1539 2380 [prioris]
1572 2323 1626 2366 ad
1648 2323 1748 2367 Cor.

154 2410 240 2452 qua
258 2395 344 2438 duo
364 2395 433 2439 vel
453 2401 554 2449 tres,
580 2402 625 2438 et
645 2395 772 2438 modo
799 2395 948 2438 ordine
967 2395 1056 2449 fiat,
1078 2410 1224 2438 omnes
1245 2396 1479 2453 prophetae
1508 2397 1626 2454 loqui
1654 2414 1750 2455 per-

154 2469 414 2519 mittuntur3
445 2469 527 2513 hoc
548 2469 662 2512 enim
683 2469 856 2512 videtur
879 2485 971 2512 esse
1000 2461 1283 2525 μεταδιδόναι,
1316 2471 1438 2526 quasi
1461 2470 1683 2529 impertiri,
1705 2480 1750 2517 et

155 2558 234 2600 pro
254 2542 366 2586 virili
385 2550 507 2599 parte
527 2544 719 2587 conferre
740 2559 816 2600 pro
842 2559 887 2587 se
908 2545 1101 2600 quisque,
1123 2546 1245 2602 quasi
1259 2537 1410 2605 ἔρανον,
1430 2553 1475 2590 et
1495 2547 1749 2603 symbolum.

105 2634 111 2640 ·
146 2617 193 2662 >J
194 2633 256 2661 ac.
277 2632 370 2673 cap.
391 2617 419 2659 i.
436 2633 477 2660 v.
496 2619 535 2661 5.
557 2609 735 2665 δι’δοντος
754 2612 882 2659 πᾶσιν
906 2612 1068 2668 ἁπλῶς,
1090 2620 1144 2663 de
1165 2620 1251 2663 Dei
1271 2620 1539 2678 benignitate
1558 2621 1753 2678 magnifi-

158 2691 403 2736 centissima
423 2691 592 2747 dic-itur,
614 2693 793 2737 fortasse
815 2701 858 2737 et
878 2694 959 2737 hoc
979 2694 1073 2738 loco
1089 2695 1143 2738 de
1158 2694 1322 2738 liberali
1337 2695 1381 2737 in
1398 2711 1604 2752 pauperes
1625 2695 1753 2739 bene.-

148 2766 342 2810 ficentia.
402 2765 490 2810 Sed
509 2766 616 2808 nihil
636 2767 810 2823 affirmo,
833 2778 877 2812 et
907 2769 988 2812 hoc
1009 2784 1179 2825 quoque
1209 2769 1390 2826 amplius
1418 2769 1752 2812 deliberandum.

160 2840 420 2897 Simplicitas
441 2840 684 2897 duplicitati
704 2843 957 2899 opponitur:
981 2842 1146 2886 Oculus
1167 2843 1346 2900 simplex
1362 2842 1492 2887 Matt.
1514 2843 1570 2887 vi.
1601 2839 1755 2901 πονηρῷ
