1887 3188
210 198 296 240 420
814 207 1196 249 COMMENTARIUS,

220 335 347 386 rupto
368 328 531 384 judicio
552 335 755 384 tanquam
775 327 1040 372 carnificibus
1060 328 1251 381 tradidit,
1273 327 1442 370 obtorto
1463 326 1570 370 collo
1590 341 1667 382 per
1686 340 1811 369 omne

226 404 484 460 flagitiorum
506 410 548 446 et
570 403 774 446 scelerum
794 419 928 459 genus
949 403 1131 459 turpiter
1152 410 1195 445 et
1216 403 1444 445 crudeliter
1459 401 1741 457 abripiendos,
1762 407 1813 443 ut

229 478 463 534 injustitiae
495 485 538 520 et
577 478 809 533 impietatis
844 478 984 519 nullus
1021 478 1075 519 sit
1106 478 1175 519 vel
1209 478 1345 532 pudor
1376 477 1443 519 vel
1482 477 1646 518 modus.
1706 475 1813 516 Tres

232 554 389 610 gradus
410 552 624 594 vindictae
646 552 735 594 sive
755 552 928 593 ultionis
951 551 1119 593 divinae
1140 553 1398 606 respondent
1428 550 1711 606 superioribus
1741 548 1817 591 tri-

232 628 311 670 bus
332 627 533 683 gradibus
553 627 735 681 injustae
756 626 800 666 in
819 626 963 667 Deum
983 625 1227 680 impietatis,
1248 625 1415 667 inverso
1445 625 1615 667 ordine:
1647 624 1817 665 Primus

235 703 391 758 gradus
421 716 595 757 poenae,
618 702 674 742 24
695 715 750 753 v.,
777 715 980 756 vagarum
1010 700 1234 741 libidinum
1264 699 1497 755 impuritas,
1520 714 1604 754 qua
1633 714 1709 740 sua
1737 696 1820 752 ipsi

234 791 408 832 corpora
428 781 709 830 conspurcant
728 774 933 827 homines,
960 774 1187 829 respondet
1214 774 1365 816 ultimo
1395 773 1546 830 gradui
1575 771 1821 828 impietatis,

237 858 280 892 et
303 857 502 891 externae
523 849 825 902 Idolomaniae,
847 865 888 890 v.
906 851 958 890 22
979 855 1021 890 et
1039 850 1106 901 23,
1130 863 1237 903 quae
1253 848 1462 903 repetitur
1476 854 1681 903 tanquam
1697 861 1824 889 causa

236 925 436 967 horrendi
457 923 610 979 judicii
630 923 764 965 divini
785 923 828 964 in
849 923 1104 976 idololatras,
1127 939 1166 964 v.
1190 925 1257 976 25,
1279 929 1329 964 ut
1350 922 1423 977 qui
1443 922 1649 964 mutarint
1669 920 1825 963 verita-

238 1007 325 1042 tem
341 999 427 1041 Dei
447 998 490 1039 in
511 998 792 1051 mendacium,
809 997 876 1039 i.e.
893 997 1035 1038 Deum
1058 1013 1205 1039 verum
1227 997 1271 1038 in
1292 996 1629 1039 commentitium
1650 995 1824 1047 idolum,

236 1082 286 1117 ut
308 1089 446 1129 supra,
467 1089 509 1115 v.
531 1075 600 1115 23.
659 1072 887 1114 Mutarunt
908 1071 1085 1128 gloriam
1102 1071 1434 1127 incorruptibilis
1454 1071 1552 1124 Dei,
1573 1070 1601 1112 i.
1617 1086 1652 1113 e.
1673 1069 1828 1126 glorio-

240 1164 333 1191 sum
364 1155 408 1190 et
437 1146 799 1202 incorruptibilem
821 1147 976 1199 Deum,
1002 1147 1082 1188 820.
1145 1145 1274 1198 Quod
1305 1145 1421 1199 dicit,
1453 1145 1683 1201 praeterito
1715 1159 1830 1186 crea-

243 1231 334 1266 tore
360 1237 525 1278 semper
553 1221 837 1277 praedicando
860 1228 902 1263 et
923 1221 1188 1273 celebrando,
1218 1220 1414 1262 laudibus
1445 1226 1682 1262 creaturam
1702 1233 1831 1261 vene-

243 1305 358 1340 ratos
379 1312 469 1340 esse
487 1303 530 1338 et
546 1295 736 1349 coluisse,
759 1295 970 1351 significat
990 1295 1233 1337 idololatras
1250 1310 1397 1336 verum
1413 1294 1556 1336 Deum
1571 1294 1687 1336 nullo
1703 1293 1830 1335 modo

245 1372 396 1425 colere,
417 1371 514 1413 ideo
530 1376 668 1423 vocat,
684 1370 844 1425 Ephes.
865 1369 909 1411 ii.
934 1370 999 1422 12,
1023 1361 1165 1413 ἀθέους
1181 1362 1216 1408 ἐν
1232 1364 1304 1423 τῷ
1317 1360 1489 1424 κόσμῳω.
1538 1369 1709 1411 Deinde
1729 1369 1833 1410 dum

249 1447 442 1490 colunter
461 1444 667 1501 imagines
694 1459 836 1486 rerum
858 1450 1095 1485 creatarum
1123 1443 1234 1499 ipsas
1256 1451 1470 1485 creaturas
1491 1443 1646 1485 divinis
1664 1442 1835 1484 honori-

251 1522 329 1564 bus
350 1536 436 1563 non
463 1519 554 1562 sine
576 1533 740 1561 summo
762 1518 981 1573 sacrilegio
1003 1517 1136 1567 affici3
1169 1524 1298 1572 atque
1324 1517 1387 1559 ita
1415 1533 1501 1559 non
1526 1517 1678 1559 colitur
1697 1517 1832 1570 Deus,

247 1602 397 1639 contra
422 1593 602 1650 primam
631 1592 820 1634 tabulam
851 1607 1032 1645 omnem,
1065 1597 1109 1634 et
1139 1591 1292 1634 colitur
1320 1591 1482 1634 idolum
1510 1591 1659 1633 itidem
1687 1597 1836 1634 contra

249 1670 434 1726 primum
454 1675 498 1710 et
519 1667 751 1710 secundum
768 1673 1055 1722 praeceptum,
1076 1672 1206 1721 atque
1227 1666 1332 1708 adeo
1349 1665 1523 1708 tertium
1546 1665 1695 1721 prioris
1714 1665 1839 1708 tabu-

249 1745 330 1788 lae.
391 1743 613 1787 Secundus
640 1742 796 1798 gradus
827 1741 997 1784 divinae
1026 1740 1214 1794 ultionis,
1236 1756 1362 1796 quam
1385 1733 1658 1796 ἀντιμισὲηαν
1681 1732 1840 1786 πλάνης

253 1825 392 1873 vocat,
412 1824 683 1875 portentosae
706 1824 749 1858 et
770 1815 954 1858 nefariae
978 1822 1148 1871 praeter
1166 1822 1362 1857 naturam
1388 1815 1599 1869 libidines,
1621 1815 1773 1870 quibus
1795 1828 1840 1857 se

252 1893 491 1951 promiscue
521 1890 814 1934 contaminant
834 1893 889 1934 26
912 1897 955 1932 et
977 1892 1029 1934 27
1052 1906 1093 1932 v.
1152 1889 1350 1945 Analoga
1380 1890 1566 1932 secundo
1592 1888 1745 1945 gradui
1763 1888 1843 1930 im-

255 1968 428 2026 pietatis
448 1968 493 2010 in
522 1967 679 2020 Deum,
702 1981 828 2021 quem
849 1957 1006 2011 πλάνην
1026 1970 1164 2018 vocat,
1196 1964 1354 2020 quippe
1382 1964 1640 2020 portentosis
1661 1971 1705 2008 et
1724 1979 1844 2007 mon-

258 2043 404 2086 strosis
436 2043 490 2084 de
521 2041 632 2095 Deo,
657 2041 862 2096 cultuque
894 2039 1040 2081 divino
1073 2038 1342 2094 opinionibus
1375 2045 1419 2081 et
1451 2038 1674 2093 erroribus,
1704 2054 1746 2082 v.
1772 2039 1842 2081 21.

259 2117 432 2161 Tertius
451 2116 609 2173 gradus
639 2114 813 2158 ultionis
844 2113 1013 2156 divinae
1043 2112 1280 2155 illustratur
1300 2112 1576 2155 similitudine
1602 2111 1780 2168 peccati,
1801 2128 1843 2155 v.

258 2195 328 2236 28.
389 2189 762 2244 Quemadmodum
790 2203 877 2231 non
906 2187 1139 2244 probarunt
1168 2187 1313 2229 Deum
1341 2186 1497 2228 habere
1526 2185 1572 2227 in
1601 2186 1844 2243 agnitione3

260 2267 376 2324 quod
395 2265 510 2308 idem
531 2271 597 2308 est
617 2280 714 2307 cum
735 2279 798 2317 eo,
825 2262 940 2319 quod
960 2263 1014 2304 21
1037 2278 1078 2304 v.
1098 2261 1304 2310 habetur3
1334 2260 1437 2302 Non
1456 2266 1506 2302 ut
1526 2260 1670 2302 Deum
1688 2260 1847 2317 glorifi-

261 2347 426 2394 carunt,
446 2346 522 2382 aut
541 2337 654 2396 grati
673 2338 859 2391 fuerunt,
875 2345 1112 2393 peccatum,
1132 2341 1183 2377 ut
1203 2334 1305 2388 dixi,
1327 2334 1559 2376 voluntatis
1579 2333 1780 2390 profanae
1801 2341 1845 2378 et

264 2414 526 2471 deploratae:
544 2412 617 2457 Sic
630 2411 808 2455 tradidit
822 2426 893 2453 eos
905 2410 1026 2452 Deus
1039 2403 1093 2455 εἷς
1102 2405 1186 2449 νοῦν
1195 2399 1407 2463 ἀδόκιμον,
1421 2407 1448 2449 i.
1457 2423 1494 2450 e.
1507 2415 1695 2451 mentem
1706 2423 1850 2465 repro..

262 2488 374 2543 bam,
391 2487 589 2544 spuriam,
606 2486 902 2538 adulteratam,
917 2484 1053 2526 instar
1067 2483 1195 2526 falsae
1210 2489 1419 2536 monetae,
1436 2488 1635 2539 corrupto
1648 2481 1848 2526 nimirum

257 2562 434 2619 judicio,
456 2568 500 2604 et
521 2560 687 2603 sublato
702 2574 844 2602 rerum
859 2558 1042 2611 delectu,
1057 2556 1175 2598 nullo
1184 2555 1305 2610 justi,
1322 2555 1483 2611 injusti,
1500 2556 1650 2610 sancti,
1669 2555 1849 2612 profani,

262 2635 414 2694 turpis,
429 2635 599 2679 honesti
613 2633 760 2676 habito
777 2632 1031 2684 discrimine,
1046 2637 1096 2673 ut
1117 2621 1206 2676 νὸυς
1220 2645 1305 2673 non
1321 2630 1475 2673 mentis
1490 2630 1616 2673 modo
1625 2629 1849 2686 judicium,

264 2710 342 2755 sed
360 2709 495 2754 multo
521 2707 658 2765 magis
688 2706 922 2750 voluntatis
943 2697 1166 2761 πξοάιξεσιν
1187 2710 1230 2746 et
1251 2703 1502 2747 electionem
1530 2703 1704 2756 indicet,
1734 2702 1850 2758 quod

265 2784 395 2828 etiam
413 2782 598 2839 intelligi
621 2787 764 2838 potest
784 2796 838 2823 ex
857 2779 988 2823 verbo
1009 2770 1278 2834 ἐδοκίμασαν,
1299 2792 1386 2820 non
1405 2777 1650 2834 probarunt,
1670 2776 1717 2818 id
1735 2775 1852 2832 quod

263 2857 414 2903 Latini
433 2857 596 2910 dicunt,
623 2871 710 2900 non
731 2854 869 2899 visum
891 2859 955 2898 est
976 2853 1040 2907 iis,
1062 2868 1148 2896 non
1167 2852 1342 2910 placuit,
1362 2867 1502 2908 neque
1521 2857 1850 2909 gratumneque
