1887 3188
182 180 266 219 4:26
787 192 1169 233 COMMENTARIUS,

180 310 319 365 legem
335 310 568 353 Mosaicam
584 327 668 354 non
685 312 883 367 habeant,
900 321 1042 355 tamen
1059 320 1235 356 naturae
1252 314 1390 370 legem
1406 312 1577 366 habent,
1594 321 1770 370 propter

182 384 301 438 cujus
309 386 687 441 transgressionem
695 388 962 441 damnentur,
972 396 1015 430 et
1023 389 1142 443 cujus
1151 387 1238 429 vim
1251 403 1298 429 ac
1313 403 1481 429 sensum
1489 387 1638 429 animis
1652 403 1769 430 men-

181 458 381 514 tibusque
402 459 652 515 impressum
669 462 824 504 docent
841 478 979 518 opera,
1002 477 1110 517 quae
1126 461 1169 503 vi
1189 468 1365 503 naturae
1386 461 1560 514 faciunt,
1576 461 1768 516 jubendo

183 540 227 574 et
259 534 531 589 approbando
564 536 678 590 quod
711 536 868 578 bonum
903 543 980 588 est,
1014 551 1098 590 quo
1131 542 1296 591 spectat
1329 536 1458 577 etiam
1485 536 1768 578 conscientiae

182 608 488 650 testimonium.
529 610 728 665 Denique
744 610 956 651 rationum
973 617 1200 662 momenta,
1215 610 1327 651 inter
1343 624 1386 651 se
1403 609 1604 652 conflictu
1621 616 1769 652 mutuo

181 683 429 738 pugnantia,
453 683 542 725 sive
560 691 772 737 accusent,
796 684 885 725 sive
907 690 1125 725 excusent.
1187 683 1299 726 Sunt
1314 683 1447 739 igitur
1461 683 1530 726 hic
1551 683 1633 726 tria
1647 699 1772 741 argu-

181 763 326 798 menta
345 757 451 812 legis
472 758 676 799 naturalis
697 758 741 798 in
763 758 949 800 omnium
971 758 1191 799 hominum
1212 757 1361 799 animis
1382 757 1609 813 impressae
1630 758 1770 811 altius,

181 845 286 886 opus
300 831 418 887 legis,
434 832 548 886 quod
562 838 627 874 est
640 831 785 874 iubere
799 832 954 874 bonum
967 839 1010 874 et
1023 839 1168 874 vetare
1183 832 1353 883 malum,
1368 831 1658 874 testimonium
1673 846 1772 874 con-

181 904 396 958 scientiae,
419 913 463 947 et
485 905 549 948 vis
569 906 745 948 rationis
768 906 1014 963 excogitans
1035 907 1080 947 in
1101 907 1209 949 hanc
1231 913 1305 948 aut
1326 906 1439 947 illam
1461 913 1625 961 partem
1647 921 1772 962 argu-

181 985 326 1020 menta
358 980 412 1021 ad
444 981 728 1023 accusandum
759 988 834 1023 aut
866 981 1194 1023 defendendum.
1253 981 1368 1023 Illud
1400 988 1544 1023 autem
1578 983 1631 1023 16
1661 997 1702 1023 v.
1736 973 1772 1020 ἐν

181 1044 311 1107 ἧμιὲξᾳ
334 1055 503 1108 quando
524 1055 730 1098 indicabit
746 1056 879 1108 Deus,
902 1056 1073 1097 videtur
1092 1057 1278 1111 pendere
1306 1071 1331 1097 a
1351 1055 1490 1098 verbis
1514 1057 1565 1098 12
1589 1062 1632 1097 et
1655 1057 1708 1098 13
1730 1070 1772 1097 v.

177 1116 450 1176 ἀπολοῦνται,
497 1123 765 1185 κριθήσονται,
814 1123 1164 1179 δικαιωθήσονται,
1210 1137 1253 1172 et
1288 1145 1374 1172 non
1414 1130 1638 1172 cohaerere
1673 1144 1771 1172 cum

179 1202 370 1257 proxime
401 1205 753 1259 praecedentibus
774 1205 818 1246 in
839 1206 917 1248 hac
946 1207 1095 1247 eadem
1124 1205 1312 1261 periodo.
1373 1203 1601 1247 Caeterum
1625 1218 1770 1250 rursus

178 1284 303 1333 urget
334 1277 419 1319 Dei
443 1279 654 1333 judicium
675 1295 772 1322 cum
802 1280 1022 1322 notatione
1052 1279 1268 1335 temporis,
1299 1285 1349 1320 ut
1380 1294 1518 1334 supra,
1541 1294 1582 1320 v.
1605 1280 1643 1331 5,
1672 1292 1770 1320 cum

179 1351 286 1392 nihil
307 1351 363 1394 sit
383 1359 472 1394 tam
494 1353 720 1407 occultum,
743 1355 857 1409 quod
879 1370 975 1396 eum
995 1354 1128 1397 latere
1149 1354 1296 1410 possit,
1319 1354 1373 1395 ad
1394 1354 1614 1396 terrendos
1635 1352 1771 1408 hypo-

179 1425 307 1468 critas
324 1434 367 1468 et
383 1426 689 1469 confessionem
704 1428 869 1484 peccati
891 1429 1227 1483 extorquendam
1243 1428 1437 1470 omnibus
1454 1444 1464 1478 3
1497 1427 1597 1483 quia
1617 1427 1770 1469 transit

178 1515 204 1541 a
223 1500 522 1555 propositionis
553 1502 777 1556 sententia,
810 1518 936 1557 quarn
960 1503 1152 1558 pluribus
1182 1502 1460 1555 confirmavit,
1493 1508 1536 1544 et
1566 1501 1771 1543 relabitur

178 1575 233 1616 ad
249 1575 594 1631 assumptionem,
611 1577 836 1632 praecipue
849 1577 894 1618 in
906 1577 1098 1619 Judaeos
1115 1577 1406 1633 stringendam
1420 1583 1464 1619 et
1477 1576 1768 1618 evincendam.

176 1648 238 1691 Et
262 1649 342 1692 hoc
367 1650 576 1705 judicium
598 1666 623 1692 a
649 1650 822 1694 Christo
845 1651 992 1706 judice
1023 1651 1320 1704 exercendum,
1352 1658 1396 1693 et
1427 1650 1683 1706 exigendum
1713 1650 1768 1692 ad

177 1739 366 1766 normam
399 1723 640 1781 Evangelii,
678 1727 793 1780 quod
825 1741 947 1768 suum
980 1733 1104 1768 vocat
1138 1725 1385 1781 Apostolus,
1423 1725 1538 1780 quod
1573 1724 1654 1767 sibi
1685 1723 1768 1767 fuit

177 1813 400 1841 commune
421 1814 519 1841 cum
540 1800 692 1842 ceteris
713 1800 934 1856 Apostolis
965 1800 1174 1853 omnibus,
1205 1800 1313 1842 sacri
1339 1799 1564 1841 ministerii
1587 1798 1765 1843 ratione.

179 1871 267 1925 Qui
289 1873 401 1915 enim
417 1888 502 1915 non
519 1874 748 1916 crediderit
763 1875 807 1916 in
827 1874 961 1917 filium
976 1875 1172 1928 hominis,
1195 1881 1251 1927 et,
1273 1881 1322 1916 ut
1338 1873 1397 1915 iii.
1413 1873 1447 1916 J
1449 1873 1572 1926 ohan,
1595 1873 1766 1927 dicitur,

175 1938 198 1984 ὁ
223 1937 396 1986 oin-ecem
414 1943 474 2002 τῷ
494 1939 580 2003 ὑιῷ,
615 1963 701 1991 non
732 1948 895 1991 videbit
925 1949 1072 2002 vitam,
1107 1949 1182 1990 sed
1209 1948 1272 1990 ira
1298 1947 1384 1990 Dei
1418 1946 1608 1989 manebit
1638 1962 1766 2003 super

174 2020 327 2077 ipsum.
358 2022 443 2064 Vel
457 2023 600 2078 potius
613 2023 841 2080 Evangelii
856 2023 1063 2076 meminit,
1081 2023 1195 2078 quod
1212 2038 1266 2064 ex
1279 2037 1329 2064 eo
1346 2028 1527 2075 constet,
1545 2020 1765 2064 Christum

173 2095 264 2138 fore
284 2095 328 2137 in
348 2096 531 2152 glorioso
547 2098 737 2140 adventu
753 2113 829 2140 suo
846 2098 1033 2140 omnium
1048 2097 1252 2153 judicem,
1273 2103 1323 2139 ut
1344 2096 1471 2140 etiam
1492 2096 1537 2138 in
1559 2094 1765 2152 Symbolo

169 2169 439 2213 confitemur.
500 2170 724 2214 Hactenus
754 2172 987 2228 propositio
1017 2187 1182 2214 summa
1202 2187 1242 2214 v.
1265 2174 1304 2225 2,
1327 2173 1366 2226 8,
1394 2173 1432 2224 9,
1462 2170 1638 2223 inclusa,
1667 2169 1766 2212 reli-

171 2244 266 2300 quis
288 2244 506 2301 disputata
526 2252 569 2288 et
589 2246 850 2300 confirmata,
878 2246 1049 2302 quippe,
1080 2246 1244 2289 nullum
1264 2245 1470 2300 injustum
1491 2259 1545 2286 ex
1565 2243 1763 2299 operibus

170 2318 297 2362 ullius
326 2319 433 2376 legis
464 2335 605 2363 coram
625 2320 722 2363 Deo
736 2320 1018 2375 justificatum
1049 2321 1128 2371 iri3
1160 2320 1214 2362 ab
1241 2320 1320 2362 hac
1343 2319 1414 2376 (ut
1434 2317 1543 2374 dixi)
1565 2317 1678 2360 redit
1707 2318 1766 2360 ad*

171 2394 517 2450 assumptionem.
575 2394 638 2437 Et
658 2394 759 2450 quia
777 2395 812 2438 J
813 2395 940 2437 udaei
964 2394 1134 2450 superbi
1155 2409 1204 2437 ac
1224 2392 1428 2437 cervicosi
1456 2392 1596 2448 legem
1618 2398 1662 2434 et
1681 2391 1763 2436 cit-

168 2468 470 2511 cumcisionem
486 2469 1235 2526 ‘obtendebant,}¹anticipat}omnem
1255 2467 1563 2523 praefidentem
1592 2466 1761 2511 illorum

167 2542 465 2599 gloriationem
485 2558 562 2599 per
582 2543 896 2586 concessionem
918 2543 1107 2586 omnium
1126 2541 1530 2598 praerogativarum,
1563 2547 1607 2584 et
1630 2539 1761 2597 privi-

157 2616 390 2674 legiorum,
411 2616 565 2672 quibus
585 2617 683 2660 freti
702 2617 1005 2674 gloriabantur,
1027 2633 1052 2659 a
1071 2633 1112 2658 v.
1136 2618 1188 2659 17
1211 2616 1265 2658 ad
1286 2617 1354 2670 21,
1375 2615 1420 2657 in
1441 2615 1595 2672 quibus
1614 2622 1761 2658 recen-

169 2691 312 2735 sendis
331 2691 484 2747 grandi
502 2705 552 2734 ac
572 2706 682 2747 pene
701 2691 889 2734 fastuosa
906 2702 1028 2732 κατα
1052 2681 1226 2748 μιὶμ-ησιν
1254 2689 1444 2732 oratione
1463 2689 1614 2735 utitur.
1671 2687 1760 2731 Re-

167 2766 350 2822 spondet
369 2771 514 2810 autem
533 2780 669 2821 usque
698 2765 754 2808 ad
783 2765 934 2823 capitis
963 2765 1105 2819 finem,
1130 2765 1252 2820 cujus
1279 2763 1564 2821 responsionis
1593 2777 1758 2805 summa

168 2848 245 2896 est,
267 2840 390 2887 Nihil
409 2848 484 2889 aut
503 2841 655 2898 legem,
676 2847 752 2884 aut
768 2840 1129 2890 circumcisionem
1144 2839 1227 2883 illis
1243 2840 1298 2883 ad
1311 2838 1526 2896 justitiam
1541 2837 1761 2897 prodesse,
