1887 3188
804 196 957 254 [25]

347 495 614 547 LECTORI
645 496 932 548 ERUDITO
964 497 1039 548 ET
1070 498 1418 551 BENEVOLO.

91 661 212 702 SCIAS
239 663 369 710 velim,
396 664 517 701 lector
539 665 738 712 benevole,
761 666 807 703 de
828 666 989 704 authore
1008 666 1123 715 hujus
1142 667 1261 704 libelli
1285 667 1472 704 nonnihil.
1529 667 1684 705 Author

91 740 149 772 est
166 734 224 772 M.
246 734 408 773 Carolus
436 735 660 782 Fermaeus,
682 737 749 784 qui
773 736 990 786 Edinburgi
1017 742 1130 774 natus
1150 743 1188 775 et
1208 738 1415 775 educatus:
1445 738 1512 775 ubi
1541 737 1683 776 Gram-

91 806 272 843 maticam
292 811 331 843 et
348 805 508 843 Latinos
526 806 723 844 Authores
739 807 943 854 didicisset,
960 807 1011 847 D.
1028 808 1198 845 Roberto
1214 808 1372 846 Rolloco
1388 809 1427 844 in
1444 809 1684 858 disciplinam

91 876 313 914 academiae
332 877 495 914 traditus
524 883 605 914 est:
636 877 786 915 Rolloci
815 878 932 916 ductu
961 884 999 916 et
1025 879 1206 928 auspiciis
1235 879 1366 916 didicit
1394 879 1685 928 grammaticam

93 946 300 994 Graecam,
321 948 502 986 authores
523 947 706 994 Graecos,
729 949 971 986 dialecticum
986 950 1033 987 P.
1054 949 1181 996 Rami,
1202 948 1335 999 (quam
1357 962 1506 998 semper
1526 950 1683 996 maxim,

92 1017 183 1056 fecit
200 1018 252 1056 D.
273 1018 468 1064 Rollocus,
490 1024 622 1068 utpote
651 1020 700 1056 ad
728 1020 920 1069 Analysin
948 1026 987 1057 et
1006 1020 1176 1058 Genesin
1198 1020 1496 1057 instrumentum
1516 1021 1685 1058 maxime

92 1089 286 1135 idoneum,
308 1101 384 1138 quo
413 1090 556 1138 quinti
580 1091 768 1136 nesciunt,
794 1091 835 1127 in
855 1091 1027 1140 synthesi
1057 1091 1152 1128 forte
1181 1091 1327 1140 aliquid
1356 1098 1550 1140 praestare
1579 1098 1685 1140 pote-

92 1164 194 1206 runt,
218 1160 259 1196 in
278 1160 445 1210 Analysi
473 1160 588 1210 nihil)
616 1161 865 1198 Rhetoricam
894 1162 1039 1207 Talaei,
1070 1161 1289 1198 Aristotelis
1317 1161 1473 1211 Logica,
1503 1162 1685 1212 Physica,

94 1229 247 1277 Ethica,
262 1235 301 1268 et
315 1230 531 1268 doctrinam
548 1231 595 1268 de
611 1230 786 1280 Sphaera
800 1231 960 1269 Ioannis
975 1233 1022 1269 de
1038 1232 1284 1276 Sacrobosco,
1303 1233 1438 1270 Ursini
1455 1232 1687 1271 Catechesin

92 1301 196 1339 locos
215 1313 438 1339 communes
456 1301 722 1351 Theologicos‚
751 1304 995 1351 quarundum
1016 1302 1157 1341 Sacrae
1177 1302 1397 1352 Scripturae
1427 1303 1688 1352 Epistularum

93 1371 299 1422 Analysin,
325 1377 363 1410 et
381 1372 602 1411 Hebraicae
630 1373 804 1422 Linguae
833 1374 1063 1413 rudimenta.
1119 1374 1301 1411 Absolvit
1329 1375 1574 1422 quadrimum
1603 1387 1687 1412 cur-

94 1443 259 1480 riculum
280 1448 319 1480 et
336 1442 489 1481 Laurea
508 1444 671 1481 donatus
691 1450 759 1491 est,
780 1455 862 1481 A.D.
887 1445 1002 1482 1588.
1058 1443 1138 1481 An.
1162 1446 1278 1491 1589,
1295 1457 1382 1482 cum
1402 1445 1453 1482 D.
1474 1445 1634 1482 Rolloco
1649 1458 1689 1483 se

94 1518 218 1552 totum
238 1513 343 1551 dedit
361 1514 487 1551 studio
507 1514 742 1563 Theologiae
761 1520 799 1552 et
825 1514 1000 1564 Linguae
1020 1514 1194 1553 Sanctae.
1240 1515 1359 1552 Anno
1378 1517 1492 1562 1590,
1509 1516 1690 1554 Rollocus

95 1583 279 1638 praefecit
306 1596 395 1622 eum
424 1597 651 1622 numerosae
680 1586 802 1632 classi,
834 1599 934 1634 quae
953 1586 1033 1623 An.
1057 1587 1172 1632 1593,
1203 1587 1344 1623 emissa
1363 1593 1419 1623 est
1439 1599 1526 1624 cum
1546 1587 1691 1626 laurea.

95 1655 186 1693 Hoc
213 1667 316 1692 anno
348 1668 490 1692 novam
521 1655 694 1693 Classem
724 1669 937 1706 aggressus,
969 1669 1085 1705 quam
1114 1657 1230 1694 etiam
1255 1657 1304 1694 ad
1327 1663 1470 1694 metam
1499 1659 1690 1706 perduxit.

96 1726 333 1776 Auspicatus
352 1731 411 1763 est
429 1726 582 1763 tertiam
603 1726 788 1773 Classem,
819 1728 886 1764 sed
909 1733 1067 1764 vocatus
1087 1728 1135 1764 ad
1154 1727 1428 1774 Ministerium,
1459 1728 1691 1766 Fraserbur-

96 1809 188 1847 gum
208 1809 260 1834 ex
277 1796 495 1834 Academia
522 1803 681 1835 vocatus
701 1804 759 1835 est
775 1813 783 1835 :
813 1798 944 1836 docuit
963 1804 1092 1835 autem
1112 1798 1333 1847 Discipulos
1361 1811 1448 1836 cum
1478 1800 1692 1838 eruditione

95 1869 291 1918 pietatem,
311 1868 551 1920 modestiam,
573 1873 612 1906 et
629 1868 858 1906 industriam
875 1883 884 1906 :
914 1880 985 1906 nec
1000 1870 1118 1906 verbo
1140 1874 1300 1915 tantum,
1321 1869 1388 1906 sed
1403 1875 1442 1906 et
1455 1870 1536 1907 vita
1551 1870 1691 1917 docuit,

95 1939 268 1977 moribus
295 1944 334 1977 et
361 1939 552 1988 exemplo.
609 1938 675 1975 Ex
694 1939 890 1988 discipulis
916 1939 1052 1976 habuit
1079 1939 1278 1988 plurimos,
1305 1939 1409 1977 viros
1437 1939 1533 1989 pios,
1564 1941 1694 1978 doctos

97 2015 137 2048 et
155 2009 327 2056 disertos,
348 2010 415 2058 qui
435 2010 628 2059 egregiam
649 2022 806 2059 operam
825 2015 1019 2048 navarunt
1046 2009 1243 2048 Ecclesiae
1272 2010 1360 2048 Dei.
1417 2010 1483 2047 Ex
1509 2011 1556 2048 iis
1584 2016 1695 2049 erant

96 2081 229 2119 David
258 2079 548 2128 caldervodius,
579 2081 789 2119 acerrimus
817 2080 1215 2130 Pseudepiscoporum
1243 2080 1373 2127 host-is,
1404 2081 1471 2130 qui
1498 2082 1538 2118 in
1567 2081 1696 2119 Altari

97 2152 344 2190 Damasceno
371 2164 412 2190 se
440 2150 680 2189 Edwardum
699 2151 974 2190 Didoclavium
1002 2164 1071 2201 per
1099 2152 1505 2201 anagrammatismum
1525 2153 1694 2201 appella-

98 2223 178 2261 vit:
207 2222 352 2273 placuit
379 2222 484 2260 enim
503 2223 588 2260 viro
607 2223 709 2260 bono
738 2235 879 2260 nomen
899 2234 1012 2260 suum
1031 2222 1168 2268 celare,
1190 2223 1282 2271 quia
1301 2223 1501 2261 mutuebat
1519 2223 1559 2259 in
1579 2223 1694 2273 Epis-

100 2305 296 2343 coporum,
318 2292 412 2332 Orci
440 2293 660 2339 satellitum,
693 2293 866 2332 crudeles
896 2305 1034 2331 manus
1061 2293 1255 2330 incidere:
1286 2292 1477 2330 Robertus
1497 2292 1598 2340 Scot,
1628 2294 1696 2343 qui

100 2376 210 2403 sacro
241 2363 454 2402 ministerio
483 2363 681 2414 Glasguae
714 2364 764 2401 ad
796 2364 1004 2402 multorum
1039 2364 1202 2402 salutem
1233 2363 1397 2401 fideliter
1428 2362 1581 2402 functus
1614 2370 1694 2402 est:

103 2434 337 2474 Guilielmus
360 2434 490 2485 Craig,
522 2434 591 2484 qui
618 2434 802 2474 Salmurii
830 2434 1083 2484 Theologiam
1110 2446 1252 2483 magna
1280 2447 1370 2472 cum
1399 2435 1514 2473 laude
1542 2436 1696 2484 publice

27 2526 32 2530 ·
101 2505 294 2556 professus
312 2511 382 2545 est.
430 2505 628 2546 olivarius
647 2505 748 2553 Coit,
765 2505 825 2544 vir
843 2505 1018 2551 disertus,
1039 2505 1107 2554 qui
1120 2510 1326 2555 postquam
1339 2505 1380 2543 in
1394 2505 1468 2544 hac
1481 2505 1697 2545 Academia

28 2575 35 2579 '
101 2575 262 2615 Latinos
275 2575 392 2626 juxta
409 2582 449 2614 et
467 2575 642 2615 Graecos
660 2576 833 2614 authoris
852 2576 1006 2626 publice
1025 2574 1218 2626 professus
1236 2581 1347 2622 esset,
1368 2581 1491 2614 totum
1510 2588 1552 2614 se
1570 2577 1696 2615 studio

103 2647 319 2697 theologiae
347 2647 529 2686 dederat:
558 2648 609 2686 ad
636 2660 790 2686 sacrum
818 2647 957 2685 deinde
985 2647 1241 2686 ministerium
1262 2647 1509 2685 Fuldennum
1538 2653 1696 2686 vocatus

105 2722 173 2764 est,
193 2717 272 2764 ubi,
288 2723 374 2767 post
392 2718 534 2756 inultos
553 2718 770 2756 exantlatos
787 2718 950 2766 labores,
967 2718 1086 2756 vitam
1102 2730 1190 2755 cum
1205 2723 1328 2756 morte
1347 2717 1507 2756 feliciter
1525 2730 1696 2756 commu-

41 2828 47 2831 ,
103 2784 224 2825 tavit:
253 2787 470 2827 Edwardus
497 2789 637 2840 Eryce,
667 2789 735 2838 qui
763 2794 802 2827 et
828 2789 902 2836 hic,
924 2795 963 2828 et
980 2789 1021 2826 in
1042 2789 1235 2827 Hibernia
1262 2789 1402 2826 multos
1430 2789 1480 2826 ad
1500 2787 1698 2827 Christum

106 2857 280 2896 adduxit.
323 2858 380 2896 Hi
395 2865 506 2898 erant
520 2872 571 2898 ex
585 2859 765 2899 Fermaei
780 2859 986 2910 discipulis,
1004 2859 1122 2898 etalii
1137 2859 1363 2908 complures,
1378 2859 1452 2897 viri
1467 2859 1507 2896 in
1522 2858 1698 2899 Ecclesia
