1887 3188
698 227 799 257 CAP.
822 227 926 257 vm.
952 218 1094 258 18-28.
1610 216 1693 256 473

104 361 312 400 curamus,
329 347 382 389 de
404 346 547 388 futuro
569 346 718 387 securi.
778 345 1058 388 Praesentem
1079 353 1238 388 statum
1255 346 1488 388 vanitatem
1505 347 1692 402 appellat

104 427 149 462 et
169 420 420 462 servitutem
441 419 737 474 corruptionis,
759 433 845 461 non
867 419 1002 461 solum
1025 421 1139 475 quod
1160 420 1232 461 illa
1252 421 1435 462 vanitati
1456 428 1500 463 et
1521 436 1693 476 corrup-

102 493 211 536 fioni
241 494 326 536 sint
348 493 567 546 obnoxiae,
589 508 738 535 verum
759 493 889 535 etiam
910 494 1026 548 quod
1055 493 1176 536 nobis
1198 494 1436 537 vanissimis
1458 502 1501 537 et
1522 510 1694 551 corrup-

101 567 276 610 tissimis
295 567 550 621 hominibus,
573 583 669 610 cum
691 567 777 610 Dei
798 575 1049 623 contemptu
1079 575 1122 610 et
1154 583 1298 610 earum
1319 569 1466 622 abusu,
1488 569 1693 611 inservire

101 649 323 698 cogantur.
383 642 648 684 Testimonio
682 649 970 684 creaturarum
999 642 1268 685 subnectitur
1299 643 1415 684 aliud
1450 650 1693 685 sanctorum

101 716 395 759 testimonium
426 723 555 771 atque
585 716 788 769 fidelium,
823 716 896 771 qui
927 717 1141 770 dicuntur,
1169 717 1239 759 hic
1269 716 1478 772 primitias
1507 718 1693 773 Spiritus

100 789 283 840 habere3
308 781 504 828 ὑιοθεσιάν
525 805 601 845 per
617 790 926 845 appositionem
943 798 1068 832 vocat
1083 783 1366 846 ἁπολὺτξωσιν
1385 788 1460 830 τοῦ
1479 785 1691 847 σώματος,

101 864 438 920 redemptionem
460 864 659 919 corporis,
681 864 862 906 innuens
884 865 1124 920 adoptionis
1146 865 1391 908 fruitionem
1407 873 1500 907 tum
1521 867 1694 908 demum

101 938 302 993 futuram,
319 955 416 981 cum
433 954 584 994 corpus
603 955 625 981 e
643 954 789 981 somno
807 939 1154 995 expergefactum
1170 940 1379 982 vestietur
1392 948 1436 982 et
1451 941 1590 996 ipsum
1603 941 1694 997 glo-

100 1013 176 1055 ria.
236 1013 384 1068 Atque
405 1013 510 1056 haec
532 1021 575 1055 et
597 1020 662 1055 est
679 1029 774 1069 spes
796 1013 985 1055 omnium
1005 1014 1184 1069 piorum,
1207 1029 1316 1069 quae
1338 1015 1494 1057 dicitur
1509 1031 1586 1057 nos
1607 1031 1694 1058 ser-

101 1103 214 1140 vare,
229 1088 343 1143 quod
357 1087 551 1141 salutem,
566 1088 686 1142 cujus
701 1088 901 1130 certiores
913 1088 998 1130 fide
1012 1089 1242 1142 reddimur,
1256 1090 1471 1145 patienter
1479 1097 1692 1146 expectet.

100 1161 256 1218 Neque
279 1162 390 1205 enim
413 1170 478 1204 est
499 1178 594 1218 spes
621 1178 778 1216 eorum,
801 1178 910 1217 quae
931 1170 1175 1217 cernuntur,
1199 1170 1273 1205 aut
1294 1164 1594 1219 praesentium,
1617 1164 1693 1207 sed

100 1236 341 1279 absentium
363 1245 407 1279 et
427 1237 681 1290 futurorum,
713 1243 842 1292 atque
863 1237 924 1279 ita
945 1253 1041 1279 cum
1071 1237 1218 1279 salutis
1240 1238 1496 1280 certitudine
1518 1239 1691 1293 conjun-

98 1311 164 1368 git
193 1312 426 1367 patientiae
447 1312 763 1365 documentum,
786 1328 826 1353 v.
849 1314 918 1354 26.
978 1304 1218 1358 “Ωσαῖ)τως
1243 1304 1315 1368 δὲ]
1377 1312 1552 1355 Novum
1582 1312 1693 1369 pati-

100 1385 240 1428 entiae
261 1393 574 1442 argumentum,
593 1386 778 1441 Spiritus
797 1386 946 1429 Sancti
966 1386 1010 1427 in
1025 1387 1152 1429 rebus
1169 1387 1356 1429 adversis
1378 1387 1595 1441 auxilium,
1618 1387 1692 1442 qui

98 1467 287 1503 nostram
307 1460 599 1502 infirmitatem
631 1460 839 1514 sublevat,
862 1461 1029 1503 dictans
1051 1477 1203 1503 arcano
1223 1461 1444 1515 instinctu,
1467 1462 1570 1516 quid
1598 1477 1693 1518 pre-

97 1535 294 1589 candum,
317 1541 361 1577 et
382 1550 466 1590 quo
488 1535 627 1587 modo,
659 1534 858 1576 nimirum
885 1542 1187 1591 congruentur.
1246 1536 1476 1594 Voluntati
1496 1536 1594 1590 Dei,
1617 1536 1691 1592 qui

95 1609 217 1652 Deus
238 1625 334 1652 cum
357 1610 413 1652 sit
431 1601 773 1665 καξδιογνωστῆς,
799 1617 1022 1666 suggestas
1044 1625 1069 1651 a
1091 1610 1237 1652 divino
1260 1597 1425 1666 Spiritu
1446 1626 1522 1653 suo
1542 1626 1690 1667 preces

99 1691 143 1727 et
160 1684 366 1740 agnoscit,
384 1691 428 1726 et
445 1684 634 1726 exaudit.
675 1684 886 1740 Magnum
903 1692 968 1727 est
988 1684 1122 1741 igitur
1137 1684 1180 1725 in
1202 1684 1412 1740 precibus,
1429 1685 1514 1727 imo
1530 1685 1575 1726 in
1592 1685 1691 1742 Spi-

96 1759 184 1801 ritu
206 1758 379 1812 Sancto,
400 1758 671 1814 praesidium,
697 1774 781 1814 quo
802 1766 951 1801 autore
970 1774 1117 1815 preces
1138 1759 1235 1802 Deo
1254 1766 1402 1816 gratae
1424 1766 1468 1802 et
1488 1767 1689 1816 acceptae

97 1832 398 1888 suscipiuntur.
477 1831 569 1874 Ubi
603 1838 706 1875 nota
739 1832 918 1875 verbum
949 1833 1163 1890 signatum
1195 1828 1685 1891 συναντιλαμβάνεοθαι,

97 1922 139 1963 q.
161 1907 216 1960 d.,
238 1907 291 1948 ad
313 1906 617 1949 sublevandam
637 1907 776 1949 oneris
801 1908 936 1950 nostri
956 1908 1214 1964 gravitatem
1235 1924 1258 1951 e
1278 1909 1452 1966 regione
1473 1909 1688 1953 concurrit

97 1980 284 2037 Spiritus
306 1981 503 2035 Sanctus,
519 1987 570 2024 ut
586 1982 702 2036 quod
721 1997 806 2023 non
822 1989 966 2037 potest
987 1982 1152 2025 efficere
1172 1990 1318 2026 nostra
1333 1984 1570 2039 infirmitas,
1591 2000 1688 2041 per-

94 2055 211 2098 ficiat
232 2071 308 2098 sua
327 2055 501 2098 virtute.
565 2047 756 2112 Οἲδαμεν
780 2048 857 2114 δὲ]
879 2073 921 2099 v.
942 2060 1012 2100 28.
1070 2057 1248 2100 Novum
1268 2064 1568 2115 argumentum
1588 2073 1687 2101 cum

94 2129 357 2186 mitigandae
387 2129 610 2172 acerbitati
640 2131 930 2185 afflictionum,
961 2138 1055 2174 tum
1085 2132 1234 2174 salutis
1264 2133 1513 2176 certitudini
1536 2133 1687 2176 confir-

94 2205 300 2247 mandae:
332 2204 474 2246 omnia
493 2204 579 2247 Dei
599 2205 840 2248 amantibus
867 2213 1150 2262 cooperantur
1178 2207 1223 2248 in
1253 2207 1425 2261 bonum,
1446 2214 1496 2249 ut
1524 2207 1598 2263 qui
1622 2222 1687 2250 se-

94 2280 282 2322 cundum
302 2279 567 2335 propositum
587 2279 673 2322 Dei
693 2281 835 2323 vocati
855 2281 962 2331 sint3
985 2287 1029 2323 et
1048 2281 1130 2323 hoc
1151 2281 1318 2324 axioma
1338 2281 1419 2324 sibi
1439 2288 1483 2324 et
1497 2281 1686 2337 Aposto-

92 2353 146 2396 lis
166 2360 296 2409 atque
315 2355 421 2396 adeo
441 2354 523 2410 piis
544 2353 739 2396 omnibus
758 2362 923 2408 notum,
944 2362 1209 2411 compertum
1229 2370 1563 2412 persuasumque
1579 2371 1684 2398 esse.

93 2426 200 2469 Ideo
226 2427 471 2483 praeposuit
499 2420 678 2484 ὃιδοιμεν,
706 2428 874 2483 scimus,
907 2436 951 2472 et
979 2429 1242 2486 experientia
1271 2436 1536 2486 compertum
1555 2429 1686 2473 habe-

94 2515 207 2553 mus,
237 2506 282 2542 et
311 2501 605 2557 approbamus,
637 2502 748 2545 sicut
775 2503 902 2558 paulo
932 2518 1071 2559 supra,
1101 2494 1266 2559 ὅιδαμεν
1290 2494 1354 2543 ὅτι
1382 2497 1508 2543 πᾶσα.
1529 2501 1680 2549 κτῒσις.

83 2573 185 2639 ,ῌίο
205 2573 298 2630 pios
319 2582 442 2618 vocat
463 2583 655 2620 amantes
675 2576 819 2619 Deum
849 2577 1157 2633 synecdochice
1187 2577 1241 2620 ab
1269 2577 1422 2637 effecto
1449 2578 1687 2621 sanctifica-

94 2647 249 2698 tionis3
271 2647 426 2692 deinde
440 2649 578 2693 utitur
596 2651 727 2694 verbo
748 2646 958 2707 συνεργεῖν,
979 2667 1066 2694 una
1085 2666 1256 2708 operam
1276 2667 1396 2695 suam
1416 2651 1619 2704 conferre,
1641 2658 1686 2694 et

96 2722 185 2765 vim
215 2737 335 2764 suam
362 2738 531 2766 omnem
556 2724 602 2766 in
631 2725 712 2769 hoc
737 2741 843 2782 opus
872 2726 1113 2769 faciendum
1135 2741 1320 2781 exerere,
1339 2733 1391 2769 ut
1410 2725 1570 2768 bonum
1588 2740 1687 2768 nos-

95 2804 212 2839 trum
232 2803 277 2839 et
297 2797 478 2840 salutem
496 2805 684 2842 nostram
705 2800 817 2843 bona
836 2800 978 2844 omnia
996 2808 1289 2858 promoveant.
1349 2800 1438 2844 Sed
1456 2815 1566 2856 quae
1585 2806 1687 2843 sunt

97 2870 200 2913 illa?
220 2871 362 2914 omnia
380 2870 488 2915 citra
502 2871 633 2915 ullam
652 2874 972 2930 exceptionem3
992 2875 1113 2931 Ergo
1135 2881 1179 2918 et
1198 2875 1320 2918 Deus
1335 2873 1480 2929 Pater,
1501 2880 1546 2917 et
1566 2873 1687 2917 Deus
