<?xml version="1.0" encoding="UTF-8"?>
<!DOCTYPE html PUBLIC "-//W3C//DTD XHTML 1.0 Transitional//EN"
    "http://www.w3.org/TR/xhtml1/DTD/xhtml1-transitional.dtd">
<html xmlns="http://www.w3.org/1999/xhtml" xml:lang="en" lang="en">
 <head>
  <title>
</title>
<meta http-equiv="Content-Type" content="text/html;charset=utf-8" />
  <meta name='ocr-system' content='tesseract 3.04.00' />
  <meta name='ocr-capabilities' content='ocr_page ocr_carea ocr_par ocr_line ocrx_word'/>
</head>
<body>
  <div class='ocr_page' id='page_1' title='image "./logicalanalysiso00ferm_0526.png"; bbox 0 0 1887 3188; ppageno 0'>
   <div class='ocr_carea' id='block_1_1' title="bbox 208 193 1191 253">
    <p class='ocr_par' dir='ltr' id='par_1_1' title="bbox 208 193 1191 253">
     <span class='ocr_line' id='line_1_1' title="bbox 208 193 1191 253; baseline 0.011 -22"><span class='ocrx_word' id='word_1_1' title='bbox 208 193 292 234; x_wconf 76' lang='lat'>484</span> <span class='ocrx_word' id='word_1_2' title='bbox 812 210 1191 253; x_wconf 78' lang='lat' dir='ltr'>COMMENTARIUS,</span> 
     </span>
    </p>
   </div>
   <div class='ocr_carea' id='block_1_2' title="bbox 215 324 1828 2458">
    <p class='ocr_par' dir='ltr' id='par_1_2' title="bbox 215 324 1828 2458">
     <span class='ocr_line' id='line_1_2' title="bbox 215 324 1799 386; baseline 0.003 -21"><span class='ocrx_word' id='word_1_3' title='bbox 215 324 482 380; x_wconf 90' lang='lat' dir='ltr'>Apostolus,)</span> <span class='ocrx_word' id='word_1_4' title='bbox 501 327 528 368; x_wconf 91' lang='lat' dir='ltr'>i.</span> <span class='ocrx_word' id='word_1_5' title='bbox 551 342 586 369; x_wconf 91' lang='lat' dir='ltr'>e.</span> <span class='ocrx_word' id='word_1_6' title='bbox 608 328 905 385; x_wconf 88' lang='lat' dir='ltr'>Evangelium,</span> <span class='ocrx_word' id='word_1_7' title='bbox 929 332 1041 386; x_wconf 90' lang='lat' dir='ltr'>quod</span> <span class='ocrx_word' id='word_1_8' title='bbox 1064 332 1137 386; x_wconf 89' lang='lat' dir='ltr'>qui</span> <span class='ocrx_word' id='word_1_9' title='bbox 1161 331 1371 386; x_wconf 86' lang='lat' dir='ltr'>rejiciunt,</span> <span class='ocrx_word' id='word_1_10' title='bbox 1388 331 1515 373; x_wconf 89' lang='lat' dir='ltr'>fidem</span> <span class='ocrx_word' id='word_1_11' title='bbox 1537 328 1734 385; x_wconf 87' lang='lat' dir='ltr'>rejiciunt</span> <span class='ocrx_word' id='word_1_12' title='bbox 1755 334 1799 371; x_wconf 88' lang='lat' dir='ltr'>et</span> 
     </span>
     <span class='ocr_line' id='line_1_3' title="bbox 215 398 1801 456; baseline 0.003 -17"><span class='ocrx_word' id='word_1_13' title='bbox 215 398 541 454; x_wconf 76' lang='lat' dir='ltr'>invocationem,</span> <span class='ocrx_word' id='word_1_14' title='bbox 573 409 701 456; x_wconf 88' lang='lat' dir='ltr'>atque</span> <span class='ocrx_word' id='word_1_15' title='bbox 722 403 818 446; x_wconf 87' lang='lat' dir='ltr'>ideo</span> <span class='ocrx_word' id='word_1_16' title='bbox 849 404 993 446; x_wconf 87' lang='lat' dir='ltr'>Iesum</span> <span class='ocrx_word' id='word_1_17' title='bbox 1014 406 1247 447; x_wconf 91' lang='lat' dir='ltr'>Dominum</span> <span class='ocrx_word' id='word_1_18' title='bbox 1269 421 1365 447; x_wconf 89' lang='lat' dir='ltr'>cum</span> <span class='ocrx_word' id='word_1_19' title='bbox 1397 405 1591 447; x_wconf 91' lang='lat' dir='ltr'>omnibus</span> <span class='ocrx_word' id='word_1_20' title='bbox 1622 403 1708 445; x_wconf 87' lang='lat' dir='ltr'>suis</span> <span class='ocrx_word' id='word_1_21' title='bbox 1729 403 1801 444; x_wconf 89' lang='lat' dir='ltr'>be-</span> 
     </span>
     <span class='ocr_line' id='line_1_4' title="bbox 216 473 1803 534; baseline 0.003 -21"><span class='ocrx_word' id='word_1_22' title='bbox 216 473 405 515; x_wconf 87' lang='lat' dir='ltr'>neficiis:</span> <span class='ocrx_word' id='word_1_23' title='bbox 437 476 675 529; x_wconf 87' lang='lat' dir='ltr'>cujusmodi</span> <span class='ocrx_word' id='word_1_24' title='bbox 695 477 867 520; x_wconf 88' lang='lat' dir='ltr'>fuerunt</span> <span class='ocrx_word' id='word_1_25' title='bbox 887 479 1060 521; x_wconf 81' lang='lat' dir='ltr'>Judaei.</span> <span class='ocrx_word' id='word_1_26' title='bbox 1120 480 1183 521; x_wconf 92' lang='lat' dir='ltr'>At</span> <span class='ocrx_word' id='word_1_27' title='bbox 1209 480 1392 534; x_wconf 81' lang='lat' dir='ltr'>excipiat</span> <span class='ocrx_word' id='word_1_28' title='bbox 1418 479 1581 533; x_wconf 87' lang='lat' dir='ltr'>aliquis,</span> <span class='ocrx_word' id='word_1_29' title='bbox 1610 477 1803 520; x_wconf 81' lang='lat' dir='ltr'>Judaeos</span> 
     </span>
     <span class='ocr_line' id='line_1_5' title="bbox 217 548 1803 608; baseline 0.001 -20"><span class='ocrx_word' id='word_1_30' title='bbox 217 563 303 589; x_wconf 91' lang='lat' dir='ltr'>non</span> <span class='ocrx_word' id='word_1_31' title='bbox 333 548 558 591; x_wconf 86' lang='lat' dir='ltr'>audivisse.</span> <span class='ocrx_word' id='word_1_32' title='bbox 619 550 868 606; x_wconf 82' lang='lat' dir='ltr'>Respondet</span> <span class='ocrx_word' id='word_1_33' title='bbox 898 553 977 595; x_wconf 90' lang='lat' dir='ltr'>hoc</span> <span class='ocrx_word' id='word_1_34' title='bbox 1008 553 1098 594; x_wconf 89' lang='lat' dir='ltr'>fieri</span> <span class='ocrx_word' id='word_1_35' title='bbox 1128 553 1244 595; x_wconf 92' lang='lat' dir='ltr'>nullo</span> <span class='ocrx_word' id='word_1_36' title='bbox 1269 554 1394 595; x_wconf 88' lang='lat' dir='ltr'>modo</span> <span class='ocrx_word' id='word_1_37' title='bbox 1424 568 1560 608; x_wconf 89' lang='lat' dir='ltr'>posse,</span> <span class='ocrx_word' id='word_1_38' title='bbox 1590 567 1686 594; x_wconf 89' lang='lat' dir='ltr'>cum</span> <span class='ocrx_word' id='word_1_39' title='bbox 1712 552 1803 605; x_wconf 82' lang='lat' dir='ltr'>jam</span> 
     </span>
     <span class='ocr_line' id='line_1_6' title="bbox 218 621 1803 682; baseline 0.002 -20"><span class='ocrx_word' id='word_1_40' title='bbox 218 621 502 677; x_wconf 88' lang='lat' dir='ltr'>Evangelium</span> <span class='ocrx_word' id='word_1_41' title='bbox 524 639 599 678; x_wconf 90' lang='lat' dir='ltr'>per</span> <span class='ocrx_word' id='word_1_42' title='bbox 620 624 764 666; x_wconf 87' lang='lat' dir='ltr'>orbem</span> <span class='ocrx_word' id='word_1_43' title='bbox 790 633 997 667; x_wconf 87' lang='lat' dir='ltr'>terrarum</span> <span class='ocrx_word' id='word_1_44' title='bbox 1018 626 1322 682; x_wconf 83' lang='lat' dir='ltr'>Apostolorum</span> <span class='ocrx_word' id='word_1_45' title='bbox 1344 626 1656 681; x_wconf 80' lang='lat' dir='ltr'>praedicatione</span> <span class='ocrx_word' id='word_1_46' title='bbox 1676 625 1803 679; x_wconf 82' lang='lat' dir='ltr'>longe</span> 
     </span>
     <span class='ocr_line' id='line_1_7' title="bbox 217 696 1806 755; baseline 0.003 -19"><span class='ocrx_word' id='word_1_47' title='bbox 217 696 388 751; x_wconf 89' lang='lat' dir='ltr'>lateque</span> <span class='ocrx_word' id='word_1_48' title='bbox 425 697 746 739; x_wconf 84' lang='lat' dir='ltr'>disseminatum</span> <span class='ocrx_word' id='word_1_49' title='bbox 782 699 837 740; x_wconf 87' lang='lat' dir='ltr'>sit</span> <span class='ocrx_word' id='word_1_50' title='bbox 856 716 866 749; x_wconf 92' lang='lat'>;</span> <span class='ocrx_word' id='word_1_51' title='bbox 909 715 1001 742; x_wconf 90' lang='lat' dir='ltr'>eam</span> <span class='ocrx_word' id='word_1_52' title='bbox 1036 700 1090 742; x_wconf 88' lang='lat' dir='ltr'>ob</span> <span class='ocrx_word' id='word_1_53' title='bbox 1123 716 1212 742; x_wconf 90' lang='lat' dir='ltr'>rem</span> <span class='ocrx_word' id='word_1_54' title='bbox 1247 700 1369 742; x_wconf 86' lang='lat' dir='ltr'>initio</span> <span class='ocrx_word' id='word_1_55' title='bbox 1406 700 1642 755; x_wconf 79' lang='lat' dir='ltr'>scripserat,</span> <span class='ocrx_word' id='word_1_56' title='bbox 1677 699 1806 740; x_wconf 87' lang='lat' dir='ltr'>fidem</span> 
     </span>
     <span class='ocr_line' id='line_1_8' title="bbox 220 770 1806 828; baseline 0.001 -17"><span class='ocrx_word' id='word_1_57' title='bbox 220 770 508 812; x_wconf 84' lang='lat' dir='ltr'>Romanorum</span> <span class='ocrx_word' id='word_1_58' title='bbox 539 771 583 811; x_wconf 92' lang='lat' dir='ltr'>in</span> <span class='ocrx_word' id='word_1_59' title='bbox 615 779 706 814; x_wconf 92' lang='lat' dir='ltr'>toto</span> <span class='ocrx_word' id='word_1_60' title='bbox 734 774 893 815; x_wconf 90' lang='lat' dir='ltr'>mundo</span> <span class='ocrx_word' id='word_1_61' title='bbox 924 774 1139 815; x_wconf 89' lang='lat' dir='ltr'>celebrari.</span> <span class='ocrx_word' id='word_1_62' title='bbox 1198 774 1343 815; x_wconf 88' lang='lat' dir='ltr'>Verba</span> <span class='ocrx_word' id='word_1_63' title='bbox 1374 781 1473 815; x_wconf 87' lang='lat' dir='ltr'>sunt</span> <span class='ocrx_word' id='word_1_64' title='bbox 1503 773 1639 828; x_wconf 88' lang='lat' dir='ltr'>petita</span> <span class='ocrx_word' id='word_1_65' title='bbox 1660 788 1713 814; x_wconf 83' lang='lat' dir='ltr'>ex</span> <span class='ocrx_word' id='word_1_66' title='bbox 1732 771 1806 813; x_wconf 89' lang='lat' dir='ltr'>Ps.</span> 
     </span>
     <span class='ocr_line' id='line_1_9' title="bbox 220 844 1810 903; baseline 0.003 -19"><span class='ocrx_word' id='word_1_67' title='bbox 220 844 307 884; x_wconf 83' lang='lat' dir='ltr'>xix.</span> <span class='ocrx_word' id='word_1_68' title='bbox 330 845 382 886; x_wconf 93' lang='lat' dir='ltr'>de</span> <span class='ocrx_word' id='word_1_69' title='bbox 404 845 669 887; x_wconf 74' lang='lat' dir='ltr'>documentis</span> <span class='ocrx_word' id='word_1_70' title='bbox 691 854 867 888; x_wconf 88' lang='lat' dir='ltr'>naturae</span> <span class='ocrx_word' id='word_1_71' title='bbox 888 847 932 889; x_wconf 88' lang='lat' dir='ltr'>in</span> <span class='ocrx_word' id='word_1_72' title='bbox 954 848 1102 889; x_wconf 89' lang='lat' dir='ltr'>mundi</span> <span class='ocrx_word' id='word_1_73' title='bbox 1123 848 1301 903; x_wconf 89' lang='lat' dir='ltr'>opificio,</span> <span class='ocrx_word' id='word_1_74' title='bbox 1334 863 1442 903; x_wconf 85' lang='lat' dir='ltr'>quae</span> <span class='ocrx_word' id='word_1_75' title='bbox 1463 847 1649 889; x_wconf 89' lang='lat' dir='ltr'>traducit</span> <span class='ocrx_word' id='word_1_76' title='bbox 1669 845 1810 902; x_wconf 87' lang='lat' dir='ltr'>Apos-</span> 
     </span>
     <span class='ocr_line' id='line_1_10' title="bbox 222 918 1810 978; baseline 0.001 -19"><span class='ocrx_word' id='word_1_77' title='bbox 222 918 334 960; x_wconf 83' lang='lat' dir='ltr'>tolus</span> <span class='ocrx_word' id='word_1_78' title='bbox 370 920 423 960; x_wconf 88' lang='lat' dir='ltr'>ad</span> <span class='ocrx_word' id='word_1_79' title='bbox 460 920 716 961; x_wconf 88' lang='lat' dir='ltr'>documenta</span> <span class='ocrx_word' id='word_1_80' title='bbox 750 921 912 976; x_wconf 85' lang='lat' dir='ltr'>gratiae</span> <span class='ocrx_word' id='word_1_81' title='bbox 949 921 993 962; x_wconf 91' lang='lat' dir='ltr'>in</span> <span class='ocrx_word' id='word_1_82' title='bbox 1029 922 1315 978; x_wconf 87' lang='lat' dir='ltr'>Evangelium</span> <span class='ocrx_word' id='word_1_83' title='bbox 1345 921 1560 977; x_wconf 86' lang='lat' dir='ltr'>patefacta</span> <span class='ocrx_word' id='word_1_84' title='bbox 1575 937 1586 971; x_wconf 81' lang='lat'><em>3</em></span> <span class='ocrx_word' id='word_1_85' title='bbox 1627 920 1810 974; x_wconf 90' lang='lat' dir='ltr'>ideoque</span> 
     </span>
     <span class='ocr_line' id='line_1_11' title="bbox 222 993 1811 1051; baseline 0.001 -18"><span class='ocrx_word' id='word_1_86' title='bbox 222 993 376 1034; x_wconf 88' lang='lat' dir='ltr'>lineam</span> <span class='ocrx_word' id='word_1_87' title='bbox 401 993 446 1047; x_wconf 90' lang='lat' dir='ltr'>(i.</span> <span class='ocrx_word' id='word_1_88' title='bbox 470 1009 505 1035; x_wconf 91' lang='lat' dir='ltr'>e.</span> <span class='ocrx_word' id='word_1_89' title='bbox 528 994 854 1037; x_wconf 80' lang='lat' dir='ltr'>delineationem</span> <span class='ocrx_word' id='word_1_90' title='bbox 880 997 1118 1037; x_wconf 84' lang='lat' dir='ltr'>mundanae</span> <span class='ocrx_word' id='word_1_91' title='bbox 1139 995 1334 1048; x_wconf 77' lang='lat' dir='ltr'>fabricae,</span> <span class='ocrx_word' id='word_1_92' title='bbox 1367 1011 1475 1051; x_wconf 90' lang='lat' dir='ltr'>quae</span> <span class='ocrx_word' id='word_1_93' title='bbox 1494 996 1621 1051; x_wconf 90' lang='lat' dir='ltr'>longe</span> <span class='ocrx_word' id='word_1_94' title='bbox 1639 995 1811 1049; x_wconf 85' lang='lat' dir='ltr'>lateque</span> 
     </span>
     <span class='ocr_line' id='line_1_12' title="bbox 225 1067 1811 1126; baseline 0 -17"><span class='ocrx_word' id='word_1_95' title='bbox 225 1074 465 1122; x_wconf 83' lang='lat' dir='ltr'>conspecta,</span> <span class='ocrx_word' id='word_1_96' title='bbox 498 1068 586 1110; x_wconf 84' lang='lat' dir='ltr'>sine</span> <span class='ocrx_word' id='word_1_97' title='bbox 618 1084 720 1110; x_wconf 90' lang='lat' dir='ltr'>sono</span> <span class='ocrx_word' id='word_1_98' title='bbox 742 1069 862 1124; x_wconf 82' lang='lat' dir='ltr'>quasi</span> <span class='ocrx_word' id='word_1_99' title='bbox 884 1070 1154 1124; x_wconf 77' lang='lat' dir='ltr'>vociferatur,</span> <span class='ocrx_word' id='word_1_100' title='bbox 1178 1077 1221 1112; x_wconf 93' lang='lat' dir='ltr'>et</span> <span class='ocrx_word' id='word_1_101' title='bbox 1241 1070 1484 1126; x_wconf 83' lang='lat' dir='ltr'>promulgat</span> <span class='ocrx_word' id='word_1_102' title='bbox 1504 1069 1681 1125; x_wconf 86' lang='lat' dir='ltr'>gloriam</span> <span class='ocrx_word' id='word_1_103' title='bbox 1705 1067 1811 1122; x_wconf 88' lang='lat' dir='ltr'>Dei)</span> 
     </span>
     <span class='ocr_line' id='line_1_13' title="bbox 226 1141 1812 1199; baseline 0.001 -17"><span class='ocrx_word' id='word_1_104' title='bbox 226 1142 356 1183; x_wconf 87' lang='lat' dir='ltr'>vertit</span> <span class='ocrx_word' id='word_1_105' title='bbox 393 1157 542 1184; x_wconf 88' lang='lat' dir='ltr'>sonum</span> <span class='ocrx_word' id='word_1_106' title='bbox 577 1150 752 1198; x_wconf 89' lang='lat' dir='ltr'>propter</span> <span class='ocrx_word' id='word_1_107' title='bbox 779 1143 1084 1199; x_wconf 87' lang='lat' dir='ltr'>Evangelicam</span> <span class='ocrx_word' id='word_1_108' title='bbox 1106 1144 1475 1199; x_wconf 81' lang='lat' dir='ltr'>praedicationem,</span> <span class='ocrx_word' id='word_1_109' title='bbox 1513 1158 1621 1198; x_wconf 87' lang='lat' dir='ltr'>quae</span> <span class='ocrx_word' id='word_1_110' title='bbox 1656 1141 1812 1198; x_wconf 84' lang='lat' dir='ltr'>passim</span> 
     </span>
     <span class='ocr_line' id='line_1_14' title="bbox 226 1216 1815 1273; baseline 0.001 -16"><span class='ocrx_word' id='word_1_111' title='bbox 226 1216 489 1258; x_wconf 86' lang='lat' dir='ltr'>audiebatur.</span> <span class='ocrx_word' id='word_1_112' title='bbox 551 1216 746 1259; x_wconf 87' lang='lat' dir='ltr'>Observa</span> <span class='ocrx_word' id='word_1_113' title='bbox 766 1233 851 1259; x_wconf 91' lang='lat' dir='ltr'>non</span> <span class='ocrx_word' id='word_1_114' title='bbox 872 1218 993 1260; x_wconf 90' lang='lat' dir='ltr'>citari</span> <span class='ocrx_word' id='word_1_115' title='bbox 1023 1218 1136 1261; x_wconf 87' lang='lat' dir='ltr'>hunc</span> <span class='ocrx_word' id='word_1_116' title='bbox 1166 1219 1307 1261; x_wconf 88' lang='lat' dir='ltr'>locum</span> <span class='ocrx_word' id='word_1_117' title='bbox 1333 1226 1381 1260; x_wconf 90' lang='lat' dir='ltr'>ut</span> <span class='ocrx_word' id='word_1_118' title='bbox 1402 1225 1569 1260; x_wconf 88' lang='lat' dir='ltr'>caetera</span> <span class='ocrx_word' id='word_1_119' title='bbox 1588 1216 1815 1273; x_wconf 86' lang='lat' dir='ltr'>propheta-</span> 
     </span>
     <span class='ocr_line' id='line_1_15' title="bbox 226 1290 1815 1348; baseline 0 -17"><span class='ocrx_word' id='word_1_120' title='bbox 226 1306 333 1343; x_wconf 88' lang='lat' dir='ltr'>rum,</span> <span class='ocrx_word' id='word_1_121' title='bbox 365 1291 418 1332; x_wconf 91' lang='lat' dir='ltr'>ad</span> <span class='ocrx_word' id='word_1_122' title='bbox 449 1290 677 1333; x_wconf 89' lang='lat' dir='ltr'>dicendum</span> <span class='ocrx_word' id='word_1_123' title='bbox 699 1292 1003 1345; x_wconf 81' lang='lat' dir='ltr'>testimonium,</span> <span class='ocrx_word' id='word_1_124' title='bbox 1036 1293 1111 1334; x_wconf 89' lang='lat' dir='ltr'>sed</span> <span class='ocrx_word' id='word_1_125' title='bbox 1140 1292 1372 1348; x_wconf 87' lang='lat' dir='ltr'>prophetae</span> <span class='ocrx_word' id='word_1_126' title='bbox 1393 1292 1533 1334; x_wconf 90' lang='lat' dir='ltr'>verbis</span> <span class='ocrx_word' id='word_1_127' title='bbox 1557 1290 1815 1346; x_wconf 89' lang='lat' dir='ltr'>Apostolum</span> 
     </span>
     <span class='ocr_line' id='line_1_16' title="bbox 228 1363 1817 1419; baseline -0.001 -13"><span class='ocrx_word' id='word_1_128' title='bbox 228 1372 432 1419; x_wconf 87' lang='lat' dir='ltr'>tanquam</span> <span class='ocrx_word' id='word_1_129' title='bbox 458 1365 544 1407; x_wconf 89' lang='lat' dir='ltr'>suis</span> <span class='ocrx_word' id='word_1_130' title='bbox 565 1365 642 1418; x_wconf 87' lang='lat' dir='ltr'>uti,</span> <span class='ocrx_word' id='word_1_131' title='bbox 664 1365 726 1407; x_wconf 91' lang='lat' dir='ltr'>ita</span> <span class='ocrx_word' id='word_1_132' title='bbox 745 1374 889 1407; x_wconf 89' lang='lat' dir='ltr'>tamen</span> <span class='ocrx_word' id='word_1_133' title='bbox 911 1373 960 1408; x_wconf 92' lang='lat' dir='ltr'>ut</span> <span class='ocrx_word' id='word_1_134' title='bbox 981 1382 1065 1408; x_wconf 91' lang='lat' dir='ltr'>non</span> <span class='ocrx_word' id='word_1_135' title='bbox 1088 1367 1265 1408; x_wconf 84' lang='lat' dir='ltr'>obscure</span> <span class='ocrx_word' id='word_1_136' title='bbox 1295 1366 1445 1408; x_wconf 88' lang='lat' dir='ltr'>innuat</span> <span class='ocrx_word' id='word_1_137' title='bbox 1465 1381 1550 1407; x_wconf 91' lang='lat' dir='ltr'>non</span> <span class='ocrx_word' id='word_1_138' title='bbox 1570 1365 1710 1406; x_wconf 89' lang='lat' dir='ltr'>minus</span> <span class='ocrx_word' id='word_1_139' title='bbox 1730 1363 1817 1405; x_wconf 83' lang='lat' dir='ltr'>late</span> 
     </span>
     <span class='ocr_line' id='line_1_17' title="bbox 228 1429 1819 1495; baseline 0 -15"><span class='ocrx_word' id='word_1_140' title='bbox 228 1446 374 1494; x_wconf 88' lang='lat' dir='ltr'>patere</span> <span class='ocrx_word' id='word_1_141' title='bbox 395 1439 557 1494; x_wconf 85' lang='lat' dir='ltr'>gratiae</span> <span class='ocrx_word' id='word_1_142' title='bbox 577 1440 861 1494; x_wconf 88' lang='lat' dir='ltr'>praeconium,</span> <span class='ocrx_word' id='word_1_143' title='bbox 894 1456 1021 1495; x_wconf 88' lang='lat' dir='ltr'>quam</span> <span class='ocrx_word' id='word_1_144' title='bbox 1042 1447 1231 1493; x_wconf 89' lang='lat' dir='ltr'>naturae,</span> <span class='ocrx_word' id='word_1_145' title='bbox 1263 1440 1391 1495; x_wconf 87' lang='lat' dir='ltr'>idque</span> <span class='ocrx_word' id='word_1_146' title='bbox 1417 1456 1470 1481; x_wconf 79' lang='lat' dir='ltr'>ex</span> <span class='ocrx_word' id='word_1_147' title='bbox 1491 1429 1703 1482; x_wconf 88' lang='lat' dir='ltr'>sententia</span> <span class='ocrx_word' id='word_1_148' title='bbox 1721 1453 1819 1494; x_wconf 90' lang='lat' dir='ltr'>pro-</span> 
     </span>
     <span class='ocr_line' id='line_1_18' title="bbox 229 1512 1819 1570; baseline 0 -16"><span class='ocrx_word' id='word_1_149' title='bbox 229 1513 398 1568; x_wconf 73' lang='lat' dir='ltr'>phetae,</span> <span class='ocrx_word' id='word_1_150' title='bbox 458 1513 528 1554; x_wconf 78' lang='lat' dir='ltr'>Ex</span> <span class='ocrx_word' id='word_1_151' title='bbox 550 1529 633 1568; x_wconf 93' lang='lat' dir='ltr'>quo</span> <span class='ocrx_word' id='word_1_152' title='bbox 656 1514 860 1568; x_wconf 86' lang='lat' dir='ltr'>sequitur,</span> <span class='ocrx_word' id='word_1_153' title='bbox 889 1529 972 1556; x_wconf 91' lang='lat' dir='ltr'>non</span> <span class='ocrx_word' id='word_1_154' title='bbox 994 1514 1183 1570; x_wconf 90' lang='lat' dir='ltr'>potuisse</span> <span class='ocrx_word' id='word_1_155' title='bbox 1203 1514 1236 1556; x_wconf 82' lang='lat' dir='ltr'><strong>J</strong></span> <span class='ocrx_word' id='word_1_156' title='bbox 1239 1515 1395 1556; x_wconf 86' lang='lat' dir='ltr'>udaeos</span> <span class='ocrx_word' id='word_1_157' title='bbox 1416 1529 1502 1555; x_wconf 92' lang='lat' dir='ltr'>non</span> <span class='ocrx_word' id='word_1_158' title='bbox 1522 1513 1681 1566; x_wconf 84' lang='lat' dir='ltr'>audire,</span> <span class='ocrx_word' id='word_1_159' title='bbox 1703 1512 1819 1568; x_wconf 85' lang='lat' dir='ltr'>quod</span> 
     </span>
     <span class='ocr_line' id='line_1_19' title="bbox 229 1586 1818 1643; baseline 0 -15"><span class='ocrx_word' id='word_1_160' title='bbox 229 1587 385 1642; x_wconf 88' lang='lat' dir='ltr'>passim</span> <span class='ocrx_word' id='word_1_161' title='bbox 408 1593 451 1629; x_wconf 85' lang='lat' dir='ltr'>et</span> <span class='ocrx_word' id='word_1_162' title='bbox 472 1587 516 1627; x_wconf 92' lang='lat' dir='ltr'>in</span> <span class='ocrx_word' id='word_1_163' title='bbox 543 1587 703 1629; x_wconf 88' lang='lat' dir='ltr'>mundo</span> <span class='ocrx_word' id='word_1_164' title='bbox 730 1588 1067 1642; x_wconf 83' lang='lat' dir='ltr'>praedicabatur.</span> <span class='ocrx_word' id='word_1_165' title='bbox 1127 1587 1279 1630; x_wconf 81' lang='lat' dir='ltr'>Altera</span> <span class='ocrx_word' id='word_1_166' title='bbox 1301 1588 1484 1642; x_wconf 89' lang='lat' dir='ltr'>objectio</span> <span class='ocrx_word' id='word_1_167' title='bbox 1514 1603 1590 1643; x_wconf 90' lang='lat' dir='ltr'>pro</span> <span class='ocrx_word' id='word_1_168' title='bbox 1610 1587 1643 1629; x_wconf 84' lang='lat' dir='ltr'><strong>J</strong></span> <span class='ocrx_word' id='word_1_169' title='bbox 1647 1586 1818 1629; x_wconf 81' lang='lat' dir='ltr'>udaeis:</span> 
     </span>
     <span class='ocr_line' id='line_1_20' title="bbox 232 1659 1818 1716; baseline 0 -15"><span class='ocrx_word' id='word_1_170' title='bbox 232 1660 370 1716; x_wconf 84' lang='lat' dir='ltr'>Finge</span> <span class='ocrx_word' id='word_1_171' title='bbox 392 1660 485 1702; x_wconf 90' lang='lat' dir='ltr'>illos</span> <span class='ocrx_word' id='word_1_172' title='bbox 506 1660 732 1714; x_wconf 87' lang='lat' dir='ltr'>audivisse,</span> <span class='ocrx_word' id='word_1_173' title='bbox 754 1667 799 1702; x_wconf 89' lang='lat' dir='ltr'>at</span> <span class='ocrx_word' id='word_1_174' title='bbox 818 1662 1007 1703; x_wconf 88' lang='lat' dir='ltr'>nondum</span> <span class='ocrx_word' id='word_1_175' title='bbox 1028 1661 1331 1703; x_wconf 87' lang='lat' dir='ltr'>intellexerunt</span> <span class='ocrx_word' id='word_1_176' title='bbox 1352 1668 1520 1703; x_wconf 89' lang='lat' dir='ltr'>tantum</span> <span class='ocrx_word' id='word_1_177' title='bbox 1541 1659 1790 1716; x_wconf 86' lang='lat' dir='ltr'>mysterium</span> <span class='ocrx_word' id='word_1_178' title='bbox 1807 1675 1818 1709; x_wconf 83' lang='lat'><em>3</em></span> 
     </span>
     <span class='ocr_line' id='line_1_21' title="bbox 233 1734 1822 1790; baseline -0.001 -14"><span class='ocrx_word' id='word_1_179' title='bbox 233 1750 362 1790; x_wconf 91' lang='lat' dir='ltr'>quare</span> <span class='ocrx_word' id='word_1_180' title='bbox 383 1735 538 1776; x_wconf 89' lang='lat' dir='ltr'>nimiae</span> <span class='ocrx_word' id='word_1_181' title='bbox 569 1734 808 1777; x_wconf 85' lang='lat' dir='ltr'>severitatis</span> <span class='ocrx_word' id='word_1_182' title='bbox 839 1735 966 1777; x_wconf 85' lang='lat' dir='ltr'>fuerit</span> <span class='ocrx_word' id='word_1_183' title='bbox 987 1735 1040 1777; x_wconf 91' lang='lat' dir='ltr'>ob</span> <span class='ocrx_word' id='word_1_184' title='bbox 1061 1751 1174 1778; x_wconf 91' lang='lat' dir='ltr'>nunc</span> <span class='ocrx_word' id='word_1_185' title='bbox 1202 1735 1385 1790; x_wconf 90' lang='lat' dir='ltr'>primum</span> <span class='ocrx_word' id='word_1_186' title='bbox 1405 1735 1612 1788; x_wconf 88' lang='lat' dir='ltr'>auditum,</span> <span class='ocrx_word' id='word_1_187' title='bbox 1644 1740 1688 1776; x_wconf 85' lang='lat' dir='ltr'>et</span> <span class='ocrx_word' id='word_1_188' title='bbox 1717 1749 1822 1777; x_wconf 91' lang='lat' dir='ltr'>non-</span> 
     </span>
     <span class='ocr_line' id='line_1_22' title="bbox 236 1808 1822 1866; baseline 0 -16"><span class='ocrx_word' id='word_1_189' title='bbox 236 1809 338 1850; x_wconf 90' lang='lat' dir='ltr'>dum</span> <span class='ocrx_word' id='word_1_190' title='bbox 358 1809 622 1851; x_wconf 89' lang='lat' dir='ltr'>intellectum</span> <span class='ocrx_word' id='word_1_191' title='bbox 644 1809 856 1862; x_wconf 87' lang='lat' dir='ltr'>nuntium,</span> <span class='ocrx_word' id='word_1_192' title='bbox 885 1809 970 1851; x_wconf 91' lang='lat' dir='ltr'>Dei</span> <span class='ocrx_word' id='word_1_193' title='bbox 990 1810 1193 1866; x_wconf 91' lang='lat' dir='ltr'>populum</span> <span class='ocrx_word' id='word_1_194' title='bbox 1215 1811 1428 1851; x_wconf 89' lang='lat' dir='ltr'>damnare.</span> <span class='ocrx_word' id='word_1_195' title='bbox 1487 1809 1617 1865; x_wconf 87' lang='lat' dir='ltr'>Resp.</span> <span class='ocrx_word' id='word_1_196' title='bbox 1638 1808 1822 1864; x_wconf 85' lang='lat' dir='ltr'>primum</span> 
     </span>
     <span class='ocr_line' id='line_1_23' title="bbox 237 1882 1822 1939; baseline 0 -14"><span class='ocrx_word' id='word_1_197' title='bbox 237 1899 290 1926; x_wconf 84' lang='lat' dir='ltr'>ex</span> <span class='ocrx_word' id='word_1_198' title='bbox 310 1883 472 1936; x_wconf 88' lang='lat' dir='ltr'>Mosae,</span> <span class='ocrx_word' id='word_1_199' title='bbox 495 1883 650 1925; x_wconf 89' lang='lat' dir='ltr'>deinde</span> <span class='ocrx_word' id='word_1_200' title='bbox 681 1898 733 1925; x_wconf 83' lang='lat' dir='ltr'>ex</span> <span class='ocrx_word' id='word_1_201' title='bbox 753 1883 884 1925; x_wconf 87' lang='lat' dir='ltr'>Esaia</span> <span class='ocrx_word' id='word_1_202' title='bbox 911 1884 1163 1939; x_wconf 88' lang='lat' dir='ltr'>mysterium</span> <span class='ocrx_word' id='word_1_203' title='bbox 1191 1884 1271 1927; x_wconf 92' lang='lat' dir='ltr'>hoc</span> <span class='ocrx_word' id='word_1_204' title='bbox 1292 1884 1345 1926; x_wconf 89' lang='lat' dir='ltr'>de</span> <span class='ocrx_word' id='word_1_205' title='bbox 1365 1883 1559 1938; x_wconf 81' lang='lat' dir='ltr'>gentium</span> <span class='ocrx_word' id='word_1_206' title='bbox 1586 1882 1822 1936; x_wconf 81' lang='lat' dir='ltr'>vocatione,</span> 
     </span>
     <span class='ocr_line' id='line_1_24' title="bbox 238 1956 1823 2014; baseline -0.001 -14"><span class='ocrx_word' id='word_1_207' title='bbox 238 1965 282 2000; x_wconf 91' lang='lat' dir='ltr'>et</span> <span class='ocrx_word' id='word_1_208' title='bbox 311 1957 540 2012; x_wconf 89' lang='lat' dir='ltr'>rejectione</span> <span class='ocrx_word' id='word_1_209' title='bbox 561 1957 841 2011; x_wconf 83' lang='lat' dir='ltr'>Judaeorum,</span> <span class='ocrx_word' id='word_1_210' title='bbox 873 1965 918 2000; x_wconf 87' lang='lat' dir='ltr'>et</span> <span class='ocrx_word' id='word_1_211' title='bbox 941 1958 1031 2012; x_wconf 85' lang='lat' dir='ltr'>jam</span> <span class='ocrx_word' id='word_1_212' title='bbox 1058 1958 1223 2014; x_wconf 88' lang='lat' dir='ltr'>pridem</span> <span class='ocrx_word' id='word_1_213' title='bbox 1253 1957 1514 2000; x_wconf 83' lang='lat' dir='ltr'>innotuisse:</span> <span class='ocrx_word' id='word_1_214' title='bbox 1545 1972 1644 1999; x_wconf 89' lang='lat' dir='ltr'>nam</span> <span class='ocrx_word' id='word_1_215' title='bbox 1664 1956 1823 2009; x_wconf 78' lang='lat' dir='ltr'>Moses,</span> 
     </span>
     <span class='ocr_line' id='line_1_25' title="bbox 238 2030 1826 2087; baseline 0 -15"><span class='ocrx_word' id='word_1_216' title='bbox 238 2032 370 2074; x_wconf 88' lang='lat' dir='ltr'>Deut.</span> <span class='ocrx_word' id='word_1_217' title='bbox 391 2031 524 2072; x_wconf 86' lang='lat' dir='ltr'>xxxii.</span> <span class='ocrx_word' id='word_1_218' title='bbox 545 2031 589 2072; x_wconf 91' lang='lat' dir='ltr'>in</span> <span class='ocrx_word' id='word_1_219' title='bbox 611 2031 756 2074; x_wconf 86' lang='lat' dir='ltr'>divino</span> <span class='ocrx_word' id='word_1_220' title='bbox 777 2032 962 2074; x_wconf 88' lang='lat' dir='ltr'>carmine</span> <span class='ocrx_word' id='word_1_221' title='bbox 983 2032 1126 2074; x_wconf 88' lang='lat' dir='ltr'>Deum</span> <span class='ocrx_word' id='word_1_222' title='bbox 1155 2033 1400 2087; x_wconf 89' lang='lat' dir='ltr'>loquentem</span> <span class='ocrx_word' id='word_1_223' title='bbox 1420 2031 1599 2085; x_wconf 89' lang='lat' dir='ltr'>inducit,</span> <span class='ocrx_word' id='word_1_224' title='bbox 1631 2037 1675 2074; x_wconf 86' lang='lat' dir='ltr'>et</span> <span class='ocrx_word' id='word_1_225' title='bbox 1694 2030 1826 2073; x_wconf 87' lang='lat' dir='ltr'>inter-</span> 
     </span>
     <span class='ocr_line' id='line_1_26' title="bbox 238 2105 1827 2148; baseline 0 -2"><span class='ocrx_word' id='word_1_226' title='bbox 238 2105 472 2148; x_wconf 88' lang='lat' dir='ltr'>minantem</span> <span class='ocrx_word' id='word_1_227' title='bbox 489 2121 533 2147; x_wconf 90' lang='lat' dir='ltr'>se</span> <span class='ocrx_word' id='word_1_228' title='bbox 545 2105 579 2147; x_wconf 84' lang='lat' dir='ltr'><strong>J</strong></span> <span class='ocrx_word' id='word_1_229' title='bbox 580 2106 738 2147; x_wconf 85' lang='lat' dir='ltr'>udaeos</span> <span class='ocrx_word' id='word_1_230' title='bbox 753 2105 931 2148; x_wconf 87' lang='lat' dir='ltr'>rebelles</span> <span class='ocrx_word' id='word_1_231' title='bbox 949 2105 1157 2148; x_wconf 84' lang='lat' dir='ltr'>Gentium</span> <span class='ocrx_word' id='word_1_232' title='bbox 1174 2106 1416 2148; x_wconf 89' lang='lat' dir='ltr'>obedientia</span> <span class='ocrx_word' id='word_1_233' title='bbox 1431 2106 1485 2148; x_wconf 89' lang='lat' dir='ltr'>ad</span> <span class='ocrx_word' id='word_1_234' title='bbox 1500 2105 1827 2148; x_wconf 87' lang='lat' dir='ltr'>aemulationem</span> 
     </span>
     <span class='ocr_line' id='line_1_27' title="bbox 239 2177 1828 2236; baseline -0.002 -14"><span class='ocrx_word' id='word_1_235' title='bbox 239 2186 581 2236; x_wconf 90' lang='lat' dir='ltr'>provocaturum.</span> <span class='ocrx_word' id='word_1_236' title='bbox 641 2179 792 2222; x_wconf 90' lang='lat' dir='ltr'>Esaias</span> <span class='ocrx_word' id='word_1_237' title='bbox 814 2195 914 2222; x_wconf 89' lang='lat' dir='ltr'>vero</span> <span class='ocrx_word' id='word_1_238' title='bbox 942 2180 1044 2233; x_wconf 64' lang='lat' dir='ltr'>lxv„</span> <span class='ocrx_word' id='word_1_239' title='bbox 1072 2195 1228 2236; x_wconf 83' lang='lat' dir='ltr'>magna</span> <span class='ocrx_word' id='word_1_240' title='bbox 1248 2196 1344 2222; x_wconf 89' lang='lat' dir='ltr'>cum</span> <span class='ocrx_word' id='word_1_241' title='bbox 1364 2179 1531 2233; x_wconf 89' lang='lat' dir='ltr'>fiducia,</span> <span class='ocrx_word' id='word_1_242' title='bbox 1562 2186 1651 2221; x_wconf 88' lang='lat' dir='ltr'>tam</span> <span class='ocrx_word' id='word_1_243' title='bbox 1670 2178 1726 2220; x_wconf 86' lang='lat' dir='ltr'>de</span> <span class='ocrx_word' id='word_1_244' title='bbox 1743 2177 1779 2220; x_wconf 85' lang='lat' dir='ltr'>J</span> <span class='ocrx_word' id='word_1_245' title='bbox 1778 2193 1828 2219; x_wconf 94' lang='lat' dir='ltr'>u-</span> 
     </span>
     <span class='ocr_line' id='line_1_28' title="bbox 240 2250 1826 2310; baseline -0.002 -14"><span class='ocrx_word' id='word_1_246' title='bbox 240 2253 370 2307; x_wconf 89' lang='lat' dir='ltr'>daeis,</span> <span class='ocrx_word' id='word_1_247' title='bbox 392 2269 520 2310; x_wconf 87' lang='lat' dir='ltr'>quam</span> <span class='ocrx_word' id='word_1_248' title='bbox 541 2253 756 2298; x_wconf 88' lang='lat' dir='ltr'>Gentibus</span> <span class='ocrx_word' id='word_1_249' title='bbox 778 2253 998 2297; x_wconf 88' lang='lat' dir='ltr'>Christum</span> <span class='ocrx_word' id='word_1_250' title='bbox 1025 2254 1268 2310; x_wconf 86' lang='lat' dir='ltr'>loquentem</span> <span class='ocrx_word' id='word_1_251' title='bbox 1291 2253 1469 2306; x_wconf 90' lang='lat' dir='ltr'>inducit,</span> <span class='ocrx_word' id='word_1_252' title='bbox 1484 2253 1633 2294; x_wconf 86' lang='lat' dir='ltr'>harum</span> <span class='ocrx_word' id='word_1_253' title='bbox 1653 2250 1826 2307; x_wconf 81' lang='lat' dir='ltr'>quidem</span> 
     </span>
     <span class='ocr_line' id='line_1_29' title="bbox 242 2324 1828 2384; baseline -0.001 -14"><span class='ocrx_word' id='word_1_254' title='bbox 242 2329 296 2370; x_wconf 91' lang='lat' dir='ltr'>de</span> <span class='ocrx_word' id='word_1_255' title='bbox 325 2327 554 2384; x_wconf 89' lang='lat' dir='ltr'>improviso</span> <span class='ocrx_word' id='word_1_256' title='bbox 583 2344 662 2372; x_wconf 85' lang='lat' dir='ltr'>nec</span> <span class='ocrx_word' id='word_1_257' title='bbox 693 2328 909 2384; x_wconf 88' lang='lat' dir='ltr'>opinatam</span> <span class='ocrx_word' id='word_1_258' title='bbox 939 2328 1205 2371; x_wconf 88' lang='lat' dir='ltr'>vocationem</span> <span class='ocrx_word' id='word_1_259' title='bbox 1241 2334 1285 2370; x_wconf 87' lang='lat' dir='ltr'>et</span> <span class='ocrx_word' id='word_1_260' title='bbox 1319 2325 1627 2382; x_wconf 87' lang='lat' dir='ltr'>repiscentiam,</span> <span class='ocrx_word' id='word_1_261' title='bbox 1659 2324 1828 2373; x_wconf 88' lang='lat' dir='ltr'>illorum</span> 
     </span>
     <span class='ocr_line' id='line_1_30' title="bbox 241 2399 1546 2458; baseline -0.003 -13"><span class='ocrx_word' id='word_1_262' title='bbox 241 2417 343 2445; x_wconf 88' lang='lat' dir='ltr'>vero</span> <span class='ocrx_word' id='word_1_263' title='bbox 364 2402 626 2458; x_wconf 88' lang='lat' dir='ltr'>deploratam</span> <span class='ocrx_word' id='word_1_264' title='bbox 645 2401 956 2446; x_wconf 84' lang='lat' dir='ltr'>contumaciam</span> <span class='ocrx_word' id='word_1_265' title='bbox 977 2401 1141 2444; x_wconf 86' lang='lat' dir='ltr'>duobus</span> <span class='ocrx_word' id='word_1_266' title='bbox 1162 2401 1322 2444; x_wconf 87' lang='lat' dir='ltr'>ultimis</span> <span class='ocrx_word' id='word_1_267' title='bbox 1344 2399 1546 2444; x_wconf 84' lang='lat' dir='ltr'>versibus.</span> 
     </span>
    </p>
   </div>
  </div>
 </body>
</html>
