1887 3188
694 236 796 266 GAP.
819 236 884 265 1v.
914 226 1058 268 14-25.
1595 226 1678 268 443

76 354 320 397 obedientia
342 354 504 397 Christi
524 354 727 410 perfecta,
759 369 845 409 qua
873 354 998 410 plene
1029 355 1168 411 legem
1199 355 1428 410 praestitit,
1461 355 1677 398 defectum

76 429 224 485 legalis
255 428 522 471 obedientiae
548 428 763 484 supplevit
783 428 827 469 in
848 428 970 470 nobis
989 445 998 478 3
1031 445 1178 470 verum
1202 436 1382 484 uterque
1403 430 1472 472 hic
1494 430 1680 486 indigni-

77 502 180 545 tatis
200 509 370 545 nostrae
392 502 563 544 morbus
584 518 670 545 non
691 503 773 544 alio
793 503 994 556 remedio,
1012 519 1141 558 quam
1159 503 1322 545 Christi
1338 511 1474 545 morte
1491 511 1677 557 curatur,

77 592 163 619 non
180 592 300 619 secus
314 584 444 632 atque
460 584 603 619 cetera
618 584 795 633 peccata
811 577 964 630 omnia,
980 593 1088 632 quae
1105 577 1372 619 admittimus
1390 585 1433 619 et
1449 584 1681 632 patramus.

81 650 169 694 Sed
190 658 367 707 quaerat
388 651 553 706 aliquis,
576 667 660 707 quo
681 652 803 694 nobis
825 652 896 694 illa
919 651 1082 695 Christi
1103 653 1147 693 in
1168 668 1294 694 carne
1317 652 1564 705 exinanitio,
1587 668 1684 694 nos-

80 733 258 782 traeque
288 733 466 768 naturae
487 727 531 767 in
552 727 643 782 ipso
674 735 886 782 conceptu
917 727 1211 780 sanctificatio,
1233 734 1283 769 ut
1309 727 1379 769 cui
1408 727 1505 768 usui
1536 734 1683 769 tantus

81 807 255 856 tamque
276 801 490 856 perfectus
513 817 630 843 amor
653 801 748 855 Dei,
772 808 815 843 et
836 802 1031 857 proximi,
1053 809 1183 856 atque
1205 802 1311 844 adeo
1333 801 1377 842 in
1398 801 1534 855 factis,
1557 801 1684 843 dictis

82 876 282 932 cogitatis
303 876 429 931 plena
449 876 597 932 legalis
629 876 884 929 obedientia,
916 876 998 918 nisi
1020 886 1063 918 et
1084 876 1156 918 illa
1177 877 1471 929 sanctificatio,
1506 883 1549 917 et
1579 876 1685 918 haec

82 951 210 1007 plena
224 951 330 1007 legis
344 951 575 1006 praestatio
588 950 710 993 nobis
723 951 962 1006 imputetur
974 958 1067 993 tum
1081 952 1136 992 ad
1151 952 1380 1007 tegendam
1396 958 1574 993 naturae
1589 966 1686 993 nos-

83 1032 176 1068 trae
197 1026 501 1082 impuritatem,
524 1032 617 1067 tum
638 1026 692 1066 ad
714 1026 997 1081 supplendum
1014 1026 1161 1081 legalis
1184 1025 1453 1068 obedientiae
1470 1026 1686 1068 defectum

83 1100 129 1142 in
149 1100 286 1143 nobis.
345 1101 602 1156 Respondeo
634 1116 731 1142 cum
747 1100 958 1156 Apostolo
989 1100 1182 1143 decuisse
1214 1107 1408 1143 nostrum
1439 1100 1687 1156 pontificem

85 1167 205 1223 ὅσιον,
221 1167 398 1223 ἄκακον,
417 1167 620 1231 ἀμίαντον
642 1165 755 1224 εἶναι,
779 1191 863 1217 non
883 1191 1003 1217 secus
1020 1182 1150 1231 atque
1167 1176 1355 1231 oportuit
1374 1175 1688 1231 pacificatorem

83 1258 280 1293 nostrum
295 1266 386 1293 esse
408 1265 556 1292 verum
577 1250 734 1303 Deum,
756 1265 991 1305 verumque
1011 1250 1227 1292 hominem
1245 1266 1255 1291 ε
1286 1250 1391 1292 haec
1412 1249 1545 1306 igitur
1566 1256 1688 1292 erant

85 1325 322 1368 necessaria
343 1326 397 1367 ad
418 1340 644 1381 personam*
661 1325 858 1366 idoneam
879 1325 1237 1378 constituendam,
1268 1339 1377 1379 quae
1404 1324 1689 1366 sacerdotium

87 1400 334 1456 susciperet,
357 1407 401 1442 et
423 1406 620 1455 suscepto
641 1399 904 1455 fungeretur,
929 1405 973 1440 et
994 1399 1212 1441 victimam
1240 1398 1451 1451 idoneam,
1482 1414 1591 1453 quae
1612 1414 1689 1454 pro

85 1474 274 1532 peccatis
296 1474 526 1517 electorum
548 1474 644 1516 Deo
665 1473 786 1515 Patri
808 1473 1056 1523 offerretur3
1089 1480 1133 1516 et
1154 1474 1513 1529 quemadmodum
1544 1473 1690 1515 Deum

87 1548 142 1591 ab
163 1555 350 1602 aeterno,
372 1555 416 1590 et
436 1548 652 1590 hominem
675 1539 797 1587 κατὰ
819 1539 959 1604 καιξὸν
981 1549 1194 1604 perfectae
1225 1548 1392 1601 aetatis,
1423 1539 1499 1586 κοὶι
1522 1540 1686 1597 τέλειον,

87 1623 151 1666 ita
171 1630 367 1666 sanctum
388 1623 519 1665 etiam
550 1632 593 1665 et
618 1624 786 1678 justum
817 1631 916 1665 ante
948 1638 1039 1665 esse
1061 1623 1264 1678 oportuit,
1287 1638 1415 1678 quam
1437 1623 1689 1665 sacrificium

92 1697 277 1751 offerret,
303 1704 379 1739 aut
400 1697 638 1740 sacerdotio
665 1698 931 1754 fungeretur.
992 1697 1138 1751 Quare
1161 1713 1270 1753 quae
1292 1698 1347 1739 ad
1366 1713 1570 1754 personae
1592 1691 1690 1737 ἱκα-

92 1762 249 1818 νός-ητα
278 1771 564 1828 pertinebant,
597 1787 648 1814 ea
678 1787 765 1814 non
797 1772 957 1814 debent
988 1772 1157 1814 inutilia
1190 1771 1366 1825 censeri,
1401 1787 1498 1814 cum
1528 1772 1689 1814 fuerint

91 1847 283 1903 apprime
313 1846 562 1900 necessaria,
593 1862 733 1902 neque
763 1853 909 1889 tamen
939 1847 1144 1889 confundi
1164 1862 1262 1889 cum
1282 1846 1522 1890 actionibus
1553 1862 1692 1889 sacer-

93 1921 321 1975 dotalibus,
352 1921 591 1976 cujusmodi
622 1930 687 1964 est
717 1921 876 1964 oblatio
908 1921 1103 1964 sacrificii
1135 1921 1361 1978 expiator-ii
1395 1937 1472 1978 pro
1502 1922 1690 1978 peccatis

94 1996 304 2039 omnibus.
363 1996 417 2037 In
439 2011 603 2038 summa
624 1996 917 2050 sanctificatio,
940 2003 984 2039 et
1004 1996 1146 2040 activa
1169 1996 1237 2052 (ut
1257 1996 1511 2053 loquuntur)
1523 1997 1579 2057 ‘in
1598 1997 1691 2040 vita

93 2070 338 2114 obedientia
368 2071 422 2113 ad
453 2070 779 2126 qualificandam
811 2071 880 2127 (ut
900 2071 962 2113 ita
981 2070 1150 2127 loquar)
1182 2071 1436 2114 Mediatoris
1464 2087 1689 2128 personam

91 2146 431 2202 requirebantur,
454 2152 504 2188 ut
524 2161 610 2188 non
641 2146 777 2188 solum
799 2145 997 2190 Christus
1029 2147 1224 2189 sacerdos
1248 2146 1440 2200 idoneus,
1463 2147 1539 2189 sed
1560 2146 1690 2189 etiam

92 2221 248 2264 idonea
260 2221 436 2264 victima
449 2229 574 2274 esset,
596 2221 716 2275 cujus
737 2236 814 2276 per
833 2227 1055 2263 aeternum
1077 2220 1287 2277 Spiritum
1303 2221 1518 2263 oblatione
1535 2221 1693 2263 sancti-

93 2295 242 2339 ficaret
261 2296 306 2337 in
327 2302 583 2352 perpetuum
599 2296 835 2349 credentes,
853 2302 896 2337 et
912 2295 1136 2351 perficeret
1154 2295 1228 2351 qui
1249 2295 1583 2338 sanctificantur.
1627 2295 1691 2338 Et

94 2371 165 2414 cui
184 2371 425 2414 condonata
445 2377 546 2413 sunt
565 2377 742 2427 peccata
763 2370 917 2424 omnia,
939 2371 1204 2412 condonatae
1225 2385 1396 2425 quoque
1423 2369 1484 2411 illi
1512 2377 1691 2413 naturae

97 2445 242 2488 sordes
262 2445 463 2500 reliquae,
486 2452 530 2488 et
550 2445 765 2487 carentia*
787 2444 937 2499 omnis,
959 2452 1090 2500 atque
1111 2445 1305 2487 defectus
1325 2445 1474 2502 legalis
1490 2444 1693 2488 obedien-

95 2519 202 2562 tiae:
224 2519 424 2575 quoniam
443 2526 534 2562 tam
553 2519 624 2563 hic
640 2519 846 2574 defectus,
868 2535 997 2575 quam
1015 2519 1113 2562 illae
1135 2519 1292 2573 sordes,
1309 2535 1396 2562 non
1417 2534 1538 2562 secus
1559 2526 1690 2576 atque

97 2594 180 2636 alia
199 2600 376 2650 peccata
397 2593 560 2637 Christi
580 2594 787 2651 sanguine
808 2593 1068 2644 abluuntur3
1090 2600 1134 2636 et
1156 2593 1227 2636 cui
1246 2593 1352 2637 haec
1373 2594 1515 2637 omnia
1535 2595 1692 2637 condo-

97 2675 268 2722 nantur,
285 2683 361 2711 cur
378 2683 466 2710 non
485 2668 695 2711 habeatur
711 2684 790 2725 pro
812 2675 961 2711 sancto
982 2675 1026 2711 et
1041 2669 1174 2724 justo,
1191 2676 1242 2711 ut
1262 2668 1333 2712 cui
1352 2684 1439 2711 non
1453 2669 1692 2726 imputetur

99 2759 177 2786 sua
190 2743 261 2786 vel
278 2742 516 2799 impuritaS,
532 2743 602 2786 vel
620 2743 856 2798 injustitia:
877 2743 1060 2786 habetur
1080 2743 1194 2786 enim
1211 2759 1261 2786 eo
1281 2744 1388 2799 loco,
1411 2760 1496 2800 quo
1516 2744 1693 2787 habere-

99 2825 172 2862 tur
187 2817 223 2861 si
239 2824 411 2860 sanctus
425 2817 566 2874 legem
579 2817 878 2873 praestitisset.
926 2817 1131 2875 Superest
1147 2818 1282 2876 igitur
1297 2819 1386 2862 sola
1400 2833 1513 2861 mors
1529 2817 1692 2862 Christi

188 2908 206 2928 ⁸
226 2907 298 2950 [Sic
313 2908 349 2940 iu
363 2907 455 2948 MS.;
478 2907 538 2940 sed
552 2914 640 2941 novo
656 2912 690 2941 et
704 2908 798 2941 nulla
812 2909 1011 2942 auctoritate
1025 2909 1156 2942 munito
1171 2909 1274 2942 verbo
1287 2919 1368 2942 usus
1384 2914 1434 2942 est
1449 2909 1592 2952 aneton]
