1887 3188
786 214 888 244 CAP.
912 215 941 245 1.
967 205 1033 246 17.
1620 206 1704 247 415

110 333 229 387 fides,
271 348 397 389 quam
424 331 595 388 justitia
624 332 710 374 Dei
746 348 799 375 ex
832 333 918 375 fide
955 341 1019 376 est
1060 334 1296 389 gratuitum
1327 334 1412 376 Dei
1451 335 1495 376 in
1533 334 1707 378 Christo

110 408 363 450 beneficium
403 407 446 448 in
486 422 564 448 nos
604 407 806 449 collatum
842 407 1071 462 Evangelii
1105 408 1435 463 praedicatione,
1477 424 1585 464 quae
1622 410 1707 451 duo

109 481 315 524 beneficia
335 481 461 536 hujus
484 481 599 522 effati
630 481 869 536 prophetici
889 488 1010 537 parte
1032 482 1314 524 antecedente
1342 483 1709 538 comprehendun-

110 562 194 609 tur,
216 556 296 597 viz.
323 548 482 601 δίκαιος
499 549 544 594 ἐκ
569 548 757 605 πίστεως,
775 557 919 611 justus
937 572 989 598 ex
1010 556 1108 598 fide.
1160 556 1291 598 Unde
1308 557 1491 598 alterum
1508 557 1710 613 coniuga-

109 637 264 684 torum,
295 631 466 685 justitia
498 647 549 672 ex
580 632 677 684 fide,
707 647 815 687 quae
836 631 937 673 fidei
960 631 1144 686 justitia,
1177 637 1221 673 et
1245 631 1473 686 justitiam,
1506 637 1550 673 et
1580 631 1709 673 fidem

109 705 420 761 complectitur,
453 706 681 748 coniuncta
717 706 903 761 quidem,
936 707 1010 748 sed
1042 706 1246 748 distincta
1277 705 1495 759 beneficia,
1528 721 1709 760 quorum

108 780 214 824 fides
235 795 281 823 se
301 780 432 822 habet
453 788 501 822 ut
522 796 650 822 causa
671 781 821 822 saltem
843 781 1193 834 instrumentalis,
1210 781 1381 835 justitia
1402 795 1503 823 vero
1519 787 1568 822 ut
1586 780 1711 823 effec-

109 861 203 897 tum
222 855 388 897 rat-ione
409 855 746 897 communicatae
768 855 889 897 nobis
910 870 987 911 per
1006 855 1135 897 fidem
1151 855 1358 910 justitiae.
1421 854 1615 897 Tertium
1638 855 1711 897 be-

108 929 308 972 neficium
330 945 382 972 ex
403 930 470 971 his
487 930 651 971 duobus
669 930 955 985 consequitur,
975 929 1132 985 quippe
1148 930 1250 983 vita,
1270 929 1359 971 sive
1381 929 1492 971 salus
1514 929 1640 971 beata
1661 945 1710 971 ac

110 1004 369 1060 sempiterna
389 1004 434 1046 in
455 1005 589 1047 altera
610 1005 726 1047 effati
743 1013 876 1060 parte,
897 996 1084 1059 ζήσεται.
1144 1004 1178 1046 J
1180 1004 1329 1046 ustitia
1346 1003 1459 1046 enim
1480 1003 1565 1046 Dei
1587 1003 1711 1046 affert

109 1079 242 1121 vitam
284 1079 370 1121 Dei
408 1079 476 1122 i.e.
518 1079 663 1121 divina
688 1079 858 1134 justitia
891 1080 1023 1121 vitam
1045 1079 1247 1121 divinam.
1322 1079 1355 1121 J
1357 1079 1549 1121 ustitiam
1590 1094 1711 1134 prae-

109 1153 214 1196 bens
244 1153 577 1196 instrumentum
611 1161 676 1196 est
705 1154 839 1196 fides:
875 1154 1004 1196 fidem
1036 1154 1244 1210 praebens
1279 1154 1620 1196 instrumentum·
1644 1159 1710 1196 est

105 1229 407 1285 -Evangelium,
431 1244 539 1284 quae
556 1228 729 1271 visionis
749 1229 933 1282 nomine,
956 1235 1000 1271 et
1023 1228 1244 1272 Christum
1266 1228 1309 1270 in
1330 1228 1569 1284 Evangelio
1590 1227 1710 1270 exhi-

110 1303 296 1346 bendum
338 1303 548 1359 propheta
589 1303 827 1359 significare
863 1303 1048 1356 videtur,
1079 1303 1149 1346 hio
1181 1310 1246 1345 est
1283 1318 1384 1360 ergo
1419 1303 1523 1345 ordo
1553 1303 1707 1345 horum

107 1377 422 1421 beneficiorum.
480 1378 767 1434 Evangelium
787 1378 1083 1434 patefaciendo
1098 1378 1313 1433 justitiam
1333 1377 1419 1420 Dei
1440 1393 1492 1419 ex
1512 1377 1610 1431 fide,
1632 1378 1708 1420 dat

105 1446 235 1508 atque
263 1452 374 1494 indit
397 1452 614 1495 mentibus
644 1452 881 1508 animisque
910 1452 1068 1495 nostris
1098 1453 1240 1506 fidem,
1271 1452 1377 1495 fides
1409 1453 1510 1495 data
1540 1452 1706 1495 confert

99 1526 314 1582 justitiam
330 1527 416 1570 Dei
432 1542 485 1570 ex
500 1527 597 1580 fide,
615 1527 760 1569 divina
777 1543 830 1569 ex
844 1527 928 1569 fide
943 1527 1114 1582 justitia
1131 1534 1196 1570 est
1212 1527 1327 1569 vitae
1342 1534 1542 1570 aeternae
1563 1543 1704 1570 causa.

105 1601 255 1658 Atque
270 1603 386 1644 haud
402 1602 489 1645 scio
510 1617 563 1644 an
584 1602 689 1644 haec
711 1602 766 1643 sit
787 1601 901 1643 Dan.
922 1602 979 1644 ix.
995 1602 1167 1657 justitia
1188 1602 1452 1644 saeculorum
1474 1617 1583 1657 quae
1600 1601 1705 1645 dici-

105 1683 179 1719 tur
206 1676 274 1719 i.e.
305 1676 576 1732 sempiterna,
613 1676 703 1719 sive
733 1675 976 1719 hominibus
1006 1677 1047 1718 in
1085 1677 1246 1719 mundo
1281 1677 1550 1720 conferenda.
1619 1675 1705 1719 At-

105 1767 190 1808 que
210 1751 272 1794 ita
291 1751 431 1807 posito
451 1751 730 1794 fundamento
754 1751 963 1806 justitiae,
996 1758 1040 1794 et
1071 1751 1219 1794 salutis
1245 1766 1323 1808 per
1342 1751 1629 1808 Evangelium
1656 1751 1702 1793 in

106 1825 281 1870 Christo
302 1826 613 1882 adipiscendae,
645 1841 780 1881 eoque
801 1826 1008 1868 divinitus
1034 1826 1284 1882 prophetica
1303 1826 1595 1882 praedictione
1616 1832 1702 1869 sta-

103 1900 238 1955 bilito,
262 1901 518 1957 superstruit
538 1900 872 1962 disputationem
893 1901 946 1944 de
961 1900 1282 1956 justificatione,
1304 1900 1495 1943 refutans
1515 1901 1700 1958 primum

103 1976 293 2020 omnium
314 1983 358 2018 et
377 1975 598 2018 hominum
619 1982 664 2018 et
684 1990 860 2032 operum
877 1975 1105 2031 justitiam.
1164 1975 1247 2018 Est
1267 1975 1402 2033 igitur
1420 1976 1536 2032 prior
1555 1975 1702 2032 dispu-

103 2051 212 2094 tatio
241 2043 561 2098 o'woeo‘nevoestmia
619 2050 778 2093 NuHus
807 2050 992 2107 injustus
1020 2067 1074 2093 ex
1094 2051 1292 2108 operibus
1322 2057 1398 2094 aut
1422 2051 1594 2107 justitia
1622 2066 1701 2094 sua

103 2141 246 2169 coram
280 2125 377 2168 Deo
405 2125 740 2181 justificabitur:
773 2124 936 2169 Omnes
966 2125 1159 2168 homines
1195 2133 1296 2168 sunt
1325 2126 1503 2182 injusti:
1539 2126 1698 2168 Nullus

101 2200 236 2257 igitur
254 2200 382 2243 homo
404 2216 458 2242 ex
478 2199 676 2256 operibus
697 2200 766 2242 vel
793 2216 869 2242 sua
892 2200 1064 2256 justitia
1091 2216 1234 2244 coram
1255 2201 1353 2243 Deo
1376 2201 1698 2256 justificabitur.

102 2276 188 2319 Est
219 2267 431 2323 ἀπόδειξις
459 2291 622 2332 negans
654 2274 857 2318 Cesare.*
915 2275 1159 2332 Propositio
1188 2275 1373 2318 habetur
1407 2274 1486 2318 sub
1525 2275 1697 2318 initium

103 2365 196 2407 cap.
230 2351 275 2393 ii.
311 2358 356 2394 et
389 2357 601 2393 tractatur
631 2350 686 2393 ad
716 2351 768 2394 17
800 2366 842 2393 v.
873 2349 1077 2393 eiusdem.
1135 2349 1390 2406 Assumptio
1423 2349 1580 2406 partim
1615 2349 1696 2393 hoc

102 2425 256 2482 capite,
278 2432 322 2468 et
341 2425 465 2468 initio
486 2425 716 2481 sequentis,
748 2431 793 2468 et
819 2439 912 2481 cap.
932 2424 992 2466 i1i.
1013 2440 1038 2467 a
1059 2427 1085 2468 9
1106 2440 1148 2468 v.
1169 2425 1224 2466 ad
1244 2427 1301 2468 20
1320 2425 1365 2466 in
1385 2440 1570 2482 genere3
1601 2439 1698 2482 par-

102 2500 183 2543 tim
203 2515 228 2542 a
250 2500 302 2543 18
324 2515 366 2542 v.
387 2514 478 2556 cap.
508 2499 552 2542 ii.
582 2500 637 2542 ad
660 2502 684 2543 9
706 2515 748 2542 v.
769 2514 861 2556 cap.
889 2499 949 2542 iii.
977 2514 1032 2542 ex
1057 2505 1180 2556 parte
1210 2506 1360 2543 contra
1377 2499 1412 2543 J
1413 2500 1571 2543 udaeos
1600 2515 1697 2557 per-

101 2580 326 2618 tractatur.
385 2573 516 2617 Unde
528 2574 743 2618 conclusio
762 2574 944 2617 infertur
962 2589 1054 2630 cap.
1074 2574 1135 2616 iii.
1155 2590 1198 2617 v.
1213 2560 1286 2618 20]
1345 2573 1559 2618 Cohaeret
1578 2591 1620 2619 v.
1639 2577 1693 2620 18

102 2663 196 2705 cap.
210 2648 240 2690 i.
255 2663 354 2691 cum
368 2649 664 2704 praecedente.
705 2688 712 2691 .
725 2649 889 2693 Omnes
903 2648 1097 2692 homines
1117 2655 1218 2692 sunt
1234 2665 1288 2693 ex
1303 2665 1349 2692 se
1365 2656 1410 2693 et
1425 2665 1480 2693 ex
1494 2649 1694 2707 operibus

101 2723 209 2781 legis
229 2722 319 2766 sive
338 2722 544 2766 naturalis
573 2723 664 2767 sive
686 2723 902 2768 Mosaicae
932 2723 1095 2780 injusti,
1126 2730 1171 2767 et
1197 2723 1284 2767 irae
1305 2724 1475 2768 divinae
1505 2723 1692 2779 obnoxii,

102 2813 211 2855 quae
232 2804 298 2841 est
318 2797 552 2854 assumptio
571 2798 780 2855 generalis
800 2799 1050 2857 syllogismi.
1107 2799 1227 2856 Ergo
1242 2799 1328 2842 Dei
1349 2815 1403 2842 ex
1422 2799 1507 2842 fide
1521 2798 1695 2854 justitia

532 2890 552 2911 ¹*
570 2889 622 2933 [V
621 2890 676 2923 ide
691 2890 894 2935 Whateley’s
908 2891 1018 2934 Σοφία,
1034 2892 1086 2924 ch,
1101 2891 1148 2924 iii.
1165 2891 1184 2932 ξ
1199 2891 1248 2934 4.]
