1887 3188
179 203 259 243 392
804 210 984 240 OAPITIS
1006 209 1142 238 PRIMI

180 332 424 388 parandam.
474 330 556 373 Est
587 336 729 372 autem
759 330 885 386 plena
914 330 1142 371 admodum
1172 328 1275 371 haee
1306 327 1517 383 periodus,
1553 342 1628 369 seu
1654 342 1767 370 com-

180 407 404 463 prehensio
425 406 662 459 verborum,
694 421 820 461 quam
844 405 999 448 Graeci
1029 394 1259 459 περιβολὴν,
1283 394 1408 455 λόγον
1431 392 1666 458 πεξιοδικόν,
1690 391 1768 440 καὶ

181 473 395 537 μεσότητα
410 481 620 537 appellare
634 487 959 523 consueverunt.
995 480 1049 520 In
1065 479 1287 534 posteriori
1301 486 1442 519 autem
1456 477 1630 533 periodo
1647 477 1769 518 deest

181 556 359 598 verbum
375 555 552 610 optandi
572 555 687 597 modi
708 560 781 596 aut
803 545 1037 600 πληθυνθὲιη
1062 553 1196 607 (quod
1217 567 1462 608 expressum
1481 550 1639 607 legitur
1655 549 1769 605 apud

180 629 361 671 Petrum
388 629 432 670 in
452 629 674 683 utriusque
695 628 915 683 Epistolae
937 643 1036 669 suae
1059 627 1267 681 exordio),
1291 626 1358 668 vel
1377 625 1555 667 verbum
1576 624 1770 666 substan-

182 704 333 757 tivum,
362 703 481 745 cuius
502 703 625 744 valde
653 701 852 756 frequens
878 708 942 743 est
965 701 1133 756 ellipsis,
1163 700 1232 742 vel
1252 699 1422 754 aliquod
1443 699 1558 740 aliud
1578 698 1769 750 verbum,

181 779 308 820 modo
341 776 577 819 sententiae
607 774 848 818 conveniat.
918 774 1117 816 Profecto
1150 774 1218 815 vel
1249 772 1526 829 grammatica
1559 772 1651 828 ipsa
1685 787 1770 814 non

181 851 344 908 patitur
363 857 451 892 tam
473 850 699 892 absurdam
720 849 935 906 Syntaxin
950 848 1180 890 z—Paulus
1200 847 1417 900 Romanis,
1442 848 1536 900 δὶα,
1557 846 1696 902 gratia
1715 845 1771 888 sit

181 925 327 975 vobis3
359 925 493 966 multo
513 924 653 966 minus
679 924 843 979 patitur
863 923 932 966 vel
951 922 1101 979 logica,
1130 922 1200 964 vel
1228 920 1444 977 theologia
1464 919 1770 963 sententiarum

181 995 271 1042 tam
292 999 565 1051 diversarum,
588 1013 715 1053 quam
736 997 974 1040 divinarum
997 996 1309 1046 confusionem3
1341 1011 1438 1038 cum
1458 995 1573 1051 prior
1593 995 1772 1036 advoca-

181 1074 310 1117 tionis
332 1080 375 1116 et
396 1073 580 1115 muneris
603 1072 1011 1114 commendationem
1024 1088 1034 1121 ;
1060 1071 1268 1126 posterior
1288 1071 1341 1112 ad
1364 1070 1551 1112 studium
1573 1068 1772 1124 Apostoli

181 1149 224 1191 in
242 1148 458 1205 fungendo
474 1162 648 1188 munere
669 1147 895 1202 pertineat.
938 1145 1109 1188 Precari
1127 1145 1238 1187 enim
1258 1145 1397 1186 fausta
1414 1143 1553 1186 omnia
1569 1142 1772 1185 Romanis

181 1221 503 1267 benevolentiae
521 1221 871 1277 significationem
894 1220 1037 1273 habet,
1054 1235 1139 1261 non
1160 1219 1299 1261 minus
1322 1234 1448 1274 quam
1468 1218 1626 1274 gratias
1647 1232 1772 1272 agere

182 1297 278 1340 Deo
307 1311 433 1352 super
457 1296 623 1337 illorum
651 1295 748 1348 fide,
777 1296 857 1337 &a
932 1294 1065 1337 Cuius
1093 1293 1416 1336 benevolentiae
1445 1299 1489 1335 et
1517 1292 1648 1334 studii
1672 1307 1774 1348 erga

184 1371 399 1414 Romanos
420 1369 660 1425 Apostolici
681 1368 1005 1422 commendatio,
1028 1369 1161 1411 altera
1181 1367 1453 1424 praefationis
1474 1374 1594 1423 parte
1614 1374 1663 1409 ut
1685 1365 1774 1408 dixi

184 1445 440 1488 continetur.
1196 1453 1201 1459 ²

242 1586 300 1628 V.
324 1588 362 1628 1.
387 1579 570 1631 Δοῦλος.
647 1586 827 1629 Servum
861 1601 906 1627 se
940 1584 1102 1628 Christi
1136 1590 1273 1637 vocat,
1307 1598 1393 1625 non
1426 1589 1515 1624 tam
1548 1597 1598 1624 eo
1633 1597 1772 1635 sensu,

185 1676 269 1716 quo
291 1660 525 1703 Christiani
546 1675 691 1702 omnes
713 1659 849 1702 sancti
869 1665 1088 1711 vocantur,
1114 1673 1191 1713 per
1221 1657 1488 1702 vocationem
1511 1655 1580 1711 (ut
1600 1655 1773 1711 quidam

183 1734 436 1790 loquuntur)
445 1735 698 1791 generalem,
707 1734 783 1776 sed
794 1733 980 1775 muneris
993 1732 1153 1788 publici
1166 1731 1382 1774 notionem
1396 1730 1526 1773 habet
1538 1745 1692 1772 nomen
1704 1729 1774 1773 hic

185 1809 309 1864 servi,
323 1816 373 1851 ut
385 1808 660 1864 inscriptione
674 1808 746 1850 Ps.
760 1807 877 1849 xviii.
893 1813 936 1849 et
948 1806 1108 1859 xxxvi„
1125 1806 1270 1848 David
1283 1805 1369 1847 Dei
1382 1821 1528 1847 servus
1545 1804 1714 1858 dicitur,
1729 1810 1773 1847 et

184 1883 459 1940 magistratus
482 1875 665 1928 διάκονος
686 1890 729 1924 et
748 1883 986 1938 λειτουργος
1010 1875 1111 1928 θεοῦ,
1144 1880 1268 1922 Rom.
1299 1879 1388 1921 xiii.
1419 1881 1446 1921 4
1477 1885 1522 1922 et
1545 1882 1597 1928 63
1629 1893 1775 1921 servus

186 1960 214 2001 i.
229 1974 260 2001 e.
274 1957 493 2014 public-um
505 1973 659 1999 munus
672 1971 824 2013 gerens
838 1972 849 2006 3
870 1955 1153 2011 Magistratus
1167 1953 1338 2009 quidem
1352 1953 1397 1994 in
1408 1953 1624 2009 republica
1637 1952 1774 2006 civile,

185 2032 347 2074 Paulus
363 2047 464 2074 vero
485 2030 700 2084 spirituale
720 2029 765 2071 in
780 2028 986 2072 Ecclesia.
1037 2028 1151 2069 Nam
1173 2027 1246 2083 qui
1266 2027 1569 2083 rempublicam
1590 2041 1687 2069 cum
1708 2040 1776 2068 ec-

186 2105 315 2149 clesia
334 2105 614 2158 confundunt,
644 2104 697 2146 de
725 2110 907 2158 utroque
938 2108 1054 2144 statu
1078 2108 1167 2143 tam
1198 2101 1312 2143 civili
1333 2116 1458 2155 quam
1491 2099 1775 2142 ecclesiastico

185 2179 368 2236 pessime
388 2185 618 2231 merentur,
650 2192 853 2232 suamque
873 2176 1060 2232 produnt
1080 2190 1165 2217 non
1186 2175 1325 2217 minus
1349 2174 1625 2229 impietatem,
1647 2188 1776 2229 quam
1823 2203 1830 2213 ,

187 2254 467 2296 maximarum
497 2268 638 2296 rerum
667 2250 991 2308 ignorationem.
1053 2249 1171 2302 Quin
1193 2255 1236 2291 et
1257 2238 1485 2304 ἂφορισμός
1509 2263 1534 2288 a
1554 2247 1776 2291 vocatione

188 2328 361 2371 videtur
391 2327 732 2383 distinguendus,
762 2331 812 2367 ut
841 2324 911 2366 hic
941 2323 1169 2380 distinguit
1193 2323 1432 2379 apostolus3
1462 2328 1506 2363 et
1526 2322 1581 2363 ad
1598 2321 1776 2364 Galatas

191 2402 240 2457 (i.
274 2402 362 2457 15,)
385 2401 491 2444 dicit
520 2400 726 2443 divinitus
757 2405 996 2456 separatum
1028 2413 1073 2440 se
1103 2397 1156 2439 ab
1186 2404 1308 2439 utero
1337 2395 1484 2437 matris
1506 2386 1554 2452 (ὁ
1576 2386 1779 2452 &copiam

188 2467 242 2533 μὲ
262 2467 301 2529 t)
337 2475 400 2518 At
420 2490 545 2517 nemo
566 2490 692 2516 sanus
713 2473 870 2516 dixerit
889 2472 1073 2514 Paulum
1093 2477 1292 2514 vocatum
1312 2469 1366 2511 ab
1385 2476 1508 2512 utero
1528 2469 1701 2519 matris3
1732 2474 1778 2512 et

143 2563 150 2569 ·“
190 2547 294 2593 Act.
313 2549 402 2590 xiii.
424 2551 464 2590 2.
485 2547 713 2604 distinguit
728 2547 912 2603 Spiritus
935 2545 1118 2589 Sanctus
1138 2544 1251 2585 inter
1266 2543 1574 2599 separationem
1595 2549 1639 2586 et
1653 2557 1779 2587 voca-‚v

192 2622 355 2665 tionem
383 2620 522 2674 Pauli,
553 2612 769 2677 ἁφορίσαἹε
793 2611 833 2660 δὲ
855 2609 929 2674 ,aaa
952 2609 1020 2658 τὸν
1047 2608 1214 2658 Σαῦλον
1243 2610 1297 2662 {ag
1329 2608 1379 2656 τὰ
1414 2609 1524 2673 ἔργον
1554 2609 1576 2655 ὁ
1609 2607 1779 2673 προσκέ-

191 2697 356 2752 κλημαι
392 2686 559 2740 ἀυτοῦς.
628 2695 782 2750 Itaque
815 2693 982 2736 vocatio
1014 2691 1221 2747 distingui
1256 2692 1384 2733 debet
1400 2677 1460 2733 ‘in
1494 2690 1704 2747 privatam
1734 2694 1779 2733 et

190 2770 418 2828 publicam.
477 2768 656 2811 Publica
670 2783 813 2810 rursus
833 2767 877 2808 in
899 2765 1079 2819 civilem,
1102 2771 1146 2808 et
1167 2764 1506 2819 ecelesiasticam,
1528 2765 1603 2808 sed
1624 2764 1678 2807 de
1697 2763 1779 2809 hon

191 2845 308 2887 satis.
