1887 3188
112 262 127 265 -
165 232 247 273 396
822 245 1002 276 CAPrrrs
1025 246 1162 274 PRIMI

163 370 253 405 tate
275 364 570 418 attentionem,
604 371 647 406 et
672 364 826 407 illustri
847 365 1057 408 brevitate
1079 366 1341 408 docilitatem
1363 372 1578 421 comparat
1595 382 1606 416 3
1638 366 1753 421 quod

161 437 265 479 facit
295 438 537 480 tersissimis
568 439 708 481 verbis
739 446 868 495 atque
900 439 1136 492 sententiis,
1168 440 1274 481 adeo
1304 446 1354 481 ut
1384 439 1662 482 Ciceroniana
1688 440 1753 483 vis

161 511 297 554 omnis
319 512 490 555 dicendi
511 520 737 555 evanescat
767 514 812 554 in
837 513 988 567 fumos,
1012 520 1068 567 et,
1100 514 1135 556 si
1166 529 1262 556 cum
1288 514 1367 557 hac
1389 515 1642 568 conferatur,
1664 514 1753 557 De-

160 586 438 628 mosthenica.

220 659 417 702 Secunda
437 676 533 716 pars
556 661 760 715 sequitur,
793 661 846 702 de
874 660 1093 702 functione
1114 661 1300 703 muneris
1321 662 1573 717 Apostolici,
1601 662 1647 703 in
1667 678 1753 718 qua

160 741 225 775 est
253 734 517 775 vehementis
547 734 690 786 studii,
724 741 767 775 et
798 734 1022 789 singularis
1054 749 1155 790 erga
1184 734 1399 777 Romanos
1429 735 1751 778 benevolentiae

158 808 374 850 luculenta
422 807 662 863 designatio
703 808 757 849 ad
776 822 778 826 ’
797 815 991 850 mutuam
1040 808 1380 850 benevolentiam
1430 809 1750 852 conciliandam.

158 881 309 924 Partes
331 882 517 924 muneris
546 883 668 935 duae,
690 882 902 936 Precatio,
925 889 968 924 et
989 882 1245 925 Predicatio.
1305 882 1558 925 Precatione
1583 883 1752 926 assidua

157 971 202 998 se
237 956 444 998 hactenus
476 972 599 998 usum
631 972 735 1010 esse,
772 957 1087 1013 praedicatione
1117 973 1218 999 vero
1250 957 1479 1013 Evangelii
1509 973 1651 1000 coram
1685 957 1751 1000 uti

157 1030 340 1072 maxime
363 1030 558 1084 voluisse,
583 1038 626 1073 et
647 1046 731 1086 qua
751 1038 894 1087 potest
915 1047 1027 1073 nunc
1049 1031 1126 1073 uti.
1186 1031 1451 1073 Precationis
1468 1039 1609 1088 partes
1626 1033 1749 1086 duae,

155 1112 317 1158 votum,
351 1105 440 1147 sive
472 1105 635 1160 optatio
657 1106 786 1162 vulgo
818 1106 1031 1159 salutatio,
1064 1113 1107 1148 et
1135 1096 1362 1161 εὖχαξιςῖα,
1396 1106 1485 1148 sive
1516 1105 1749 1161 gratiarum

155 1179 295 1229 acti03
327 1179 431 1222 haec
453 1180 548 1222 Deo
579 1180 691 1235 patri
721 1196 797 1235 per
823 1179 1043 1223 Christum
1074 1196 1149 1236 pro
1181 1180 1385 1236 singulari
1414 1179 1619 1222 beneficio
1649 1178 1750 1221 fidei

157 1253 425 1296 Christianae
447 1254 651 1296 Romanis
683 1255 808 1296 datae
838 1254 1059 1304 redditur3
1091 1255 1163 1296 illa
1183 1270 1207 1296 a
1228 1255 1323 1297 Deo
1344 1254 1475 1296 Patre
1497 1262 1541 1296 et
1561 1254 1748 1296 Domino

153 1327 254 1369 Iesu
287 1327 458 1370 Christo
493 1328 604 1384 petit
644 1328 786 1370 omnia
819 1328 930 1371 bona
963 1328 1198 1384 spiritualia
1238 1329 1316 1371 sub
1350 1329 1514 1385 gratiae
1554 1335 1598 1370 et
1633 1327 1748 1384 pacis

153 1401 395 1443 nominibus
417 1402 780 1444 communicanda.
842 1402 1037 1445 Observa
1062 1402 1200 1444 obiter
1219 1403 1288 1444 hic
1311 1410 1354 1445 et
1374 1403 1419 1444 in
1440 1403 1634 1445 omnibus
1655 1402 1747 1445 aliis

153 1475 345 1518 Paulinis
377 1476 560 1518 exordiis
589 1467 780 1528 ’ἔλλειψιν
803 1476 921 1518 verbi
951 1477 1177 1532 duplicani,
1210 1477 1386 1519 alteram
1408 1477 1460 1517 -in
1490 1476 1745 1529 nominibus,

153 1550 330 1592 alteram
359 1550 404 1591 in
435 1550 690 1592 salutatione
724 1552 792 1606 (ut
823 1550 986 1593 dictum
1017 1551 1101 1605 est)
1125 1552 1178 1592 ad
1206 1551 1405 1593 affectum
1437 1551 1567 1592 animi
1597 1551 1747 1592 arden-

151 1624 304 1666 tiorem
339 1624 677 1680 significandum.
746 1625 800 1666 In
841 1615 1056 1680 ἒυχαριςίᾳ
1081 1624 1211 1666 fidem
1246 1624 1537 1665 Romanorum
1572 1623 1617 1664 in
1649 1629 1743 1665 toto

151 1699 312 1740 mundo
328 1699 536 1742 celebrem
555 1715 646 1742 esse
663 1699 971 1755 synecdochice
988 1698 1156 1751 dicitur,
1180 1698 1337 1741 cumin
1352 1697 1558 1740 Ecclesiis
1574 1703 1744 1739 tantum

154 1772 408 1816 Christianis
431 1789 480 1816 ea
501 1774 780 1830 praedicaret,
811 1773 893 1815 nisi
918 1773 1065 1826 mavis,
1088 1779 1262 1828 propter
1291 1772 1466 1828 Imperii
1486 1771 1670 1813 Romani
1698 1771 1745 1812 in

152 1847 253 1890 orbe
288 1854 495 1890 terrarum
532 1848 870 1904 amplitudinem,
911 1847 1176 1903 divulgatam
1211 1847 1324 1888 inter
1353 1846 1510 1888 alienas
1546 1845 1684 1888 adhuc
1719 1861 1745 1888 a

153 1921 326 1965 Christo
349 1921 514 1965 Gentes
536 1922 825 1965 Romanorum
856 1921 1204 1971 conversionem3
1237 1921 1311 1963 sed
1338 1935 1478 1976 neque
1506 1920 1587 1963 hoc
1618 1935 1744 1962 sensu

149 1996 286 2039 aberit
308 1997 589 2052 synecdoche.
958 1996 960 1998 ’

209 2069 371 2124 Quaeri
390 2077 546 2127 potest,
569 2070 664 2126 quis
684 2070 846 2126 primus
866 2069 1064 2112 fundavit
1079 2070 1318 2112 Romanam
1333 2069 1585 2122 Ecclesiam,
1608 2074 1652 2110 et
1667 2083 1744 2111 cur

148 2144 384 2201 Apostolus
404 2151 628 2201 tantopere
659 2144 818 2200 optarit
839 2144 1021 2186 Romam
1041 2144 1200 2198 venire,
1232 2144 1306 2199 qui
1331 2158 1458 2199 super
1486 2142 1624 2184 alieno
1647 2141 1743 2184 fun-

149 2220 350 2262 damento
370 2219 555 2262 noluerit
573 2218 758 2261 libenter
781 2216 1016 2271 aedificare,
1047 2217 1157 2259 infra
1183 2233 1219 2260 c.
1240 2233 1312 2259 xv.
1333 2233 1375 2259 v.
1397 2219 1466 2259 20.
1527 2215 1656 2269 Quod
1686 2216 1742 2258 ad

147 2293 278 2350 prius,
297 2293 525 2336 verisimile
545 2300 621 2336 aut
641 2308 775 2335 unum
795 2299 870 2335 aut
890 2293 1032 2348 plures
1053 2307 1212 2345 eorum,
1233 2307 1339 2346 quos
1359 2290 1551 2333 nominat
1565 2291 1611 2332 in
1627 2290 1742 2333 calce

147 2367 382 2423 Epistolae,
416 2374 460 2410 et
493 2383 674 2423 quorum
707 2367 890 2409 virtutes
922 2367 1192 2409 commendat
1224 2364 1428 2407 Romanis
1458 2364 1685 2407 imitandas
1701 2364 1740 2415 3*

146 2440 261 2483 haud
279 2442 366 2484 scio
382 2457 438 2484 an
452 2442 679 2498 praecipue
691 2441 978 2494 Andronicus,
996 2447 1040 2483 et
1055 2440 1089 2483 J
1090 2439 1224 2492 unias,
1242 2454 1347 2494 quos
1364 2445 1408 2480 et
1424 2438 1613 2495 insignes
1628 2438 1742 2481 inter

146 2514 380 2571 Apostolos
402 2531 507 2570 esse,
530 2523 574 2558 et
595 2522 697 2558 ante
718 2531 762 2558 se
782 2515 828 2556 in
860 2514 1034 2558 Christo
1063 2513 1192 2556 fuisse
1223 2512 1340 2566 dicit,
1365 2512 1502 2568 prima
1521 2513 1740 2577 Romanae

146 2588 366 2632 Ecclesiae
393 2589 672 2632 fundamenta
695 2588 893 2644 jecerint.
953 2587 1023 2630 De
1043 2587 1176 2629 Petro
1196 2586 1303 2627 nihil
1331 2602 1471 2643 neque
1500 2586 1570 2630 hic
1593 2578 1743 2642 (quem

147 2662 238 2706 sine
269 2662 540 2716 contumelia,
577 2662 614 2704 si
643 2662 807 2705 Romae
833 2661 996 2714 fuisset,
1032 2660 1262 2716 praeterire
1291 2676 1378 2702 non
1407 2660 1569 2717 potuit)
1599 2658 1741 2717 neque·

146 2736 249 2780 alibi
275 2751 454 2792 usquam
481 2736 527 2777 in
557 2735 685 2779 sacris
704 2735 852 2789 literis,
884 2735 1000 2790 quod
1029 2734 1157 2777 faciat
1187 2735 1242 2776 ad
1268 2734 1390 2777 Petri
1419 2734 1665 2777 cathedram
1693 2733 1740 2777 in

145 2811 403 2868 perforatam
435 2809 659 2853 Pontificis
691 2808 875 2852 Romani
907 2808 1052 2850 sedem
1083 2808 1465 2851 transformandam
1480 2824 1492 2859 3
1509 2797 1604 2851 ‘sed
1619 2808 1738 2852 'haec

189 2893 212 2916 ³*
229 2893 349 2936 [Supp.
365 2893 446 2926 hanc
468 2892 624 2927 ecclesiam
636 2891 852 2935 fhndavisse;
877 2891 995 2935 quibus
1018 2895 1076 2924 aut
1099 2891 1227 2924 talibus
1243 2892 1372 2925 omissis
1394 2893 1574 2925 ἀνακολονθω
1610 2891 1739 2940 scripsit

146 2943 288 2986 aneton]
