1887 3188
718 237 819 269 CAP.
842 237 925 267 vn.
951 227 1034 270 1-8.
1621 226 1701 268 461

110 356 250 402 tineus
283 366 458 415 peccata
477 359 522 400 in
542 359 663 401 nobis
693 359 991 415 progignebat.
1053 357 1182 400 Unde
1213 358 1376 415 colligit
1406 373 1482 401 nos
1507 359 1704 414 justitiae

107 447 194 476 non
209 434 444 489 injustitiae
461 433 618 475 servire
627 432 794 484 debere,
813 439 888 474 aut
904 433 1019 487 quod
1035 432 1147 474 idem
1163 439 1240 486 cst,
1255 432 1493 490 Evangelio
1507 449 1592 476 non
1605 434 1704 490 legi,

108 508 271 563 gratiae
292 523 378 550 non
398 514 589 560 naturae,
612 522 723 549 novo
751 507 913 549 homini
934 522 1020 548 non
1047 507 1197 559 veteri,
1232 513 1288 560 et,
1322 514 1372 549 ut
1404 508 1593 563 loquitur
1624 509 1704 550 hoc

106 581 200 624 loco
220 581 468 637 Apostolus,
491 589 540 624 ut
562 582 794 624 serviamus
815 582 860 622 in
880 580 1074 623 novitate
1098 580 1284 636 Spiritus
1307 588 1349 623 et
1371 597 1457 623 non
1484 582 1528 623 in
1562 590 1706 624 vetus—

108 662 199 698 tate
228 656 390 699 literae.
470 656 666 698 Literam
696 663 822 699 vocat
852 656 1004 713 legem,
1042 663 1253 711 quatenus
1285 662 1350 698 est
1379 657 1546 712 peccati
1575 657 1709 698 admi-

106 730 265 773 nistra:
296 731 573 774 Vetustatem
595 731 727 784 addit,
750 747 835 786 qua
859 730 1071 787 significat
1093 736 1337 773 enervatam
1360 746 1451 773 esse
1473 737 1516 773 et
1547 730 1709 773 obsole-

108 812 197 846 tam
211 805 298 848 vim
314 805 429 847 illam
446 821 493 848 ac
511 806 632 861 quasi
653 805 932 861 antiquatam.
985 805 1170 861 Spiritus
1192 821 1292 848 vero
1314 805 1498 859 nomine,
1522 805 1708 862 Spiritus

108 880 444 936 regenerationis
466 880 710 934 efficaciam,
732 881 802 923 cui
822 880 1060 923 novitatem
1090 879 1256 934 tribuit,
1279 881 1394 936 quod
1424 887 1549 923 autor
1569 880 1625 923 sit
1645 881 1709 922 in-

111 961 325 996 stauratae
348 954 708 997 sanctificationis.

166 1036 360 1079 Dubium
381 1037 517 1079 videri
537 1037 672 1093 possit
689 1052 742 1080 ex
758 1036 966 1093 particula
988 1029 1265 1083 ἀποθανόντος
1282 1038 1477 1081 maritine
1494 1054 1548 1081 an
1565 1038 1708 1081 uxoris

109 1126 222 1154 mors
243 1112 519 1168 significetur,
541 1120 715 1168 propter
745 1113 957 1154 diversam
986 1113 1242 1155 lectionem:
1274 1129 1373 1155 nam
1404 1114 1578 1169 quidam
1607 1114 1704 1156 libri

109 1186 270 1228 habent
305 1178 592 1234 ἀποθανόντες,
632 1194 675 1229 et
711 1187 770 1229 sic
806 1187 978 1229 videtur
1009 1202 1185 1230 uxorem
1218 1187 1428 1243 respicere
1451 1205 1461 1229 :
1502 1188 1575 1230 alii
1606 1204 1708 1232 vero

111 1253 400 1310 ἀποθανόντος,
425 1263 539 1318 quod
555 1262 708 1305 marito
725 1263 939 1305 convenit.
989 1263 1051 1305 Et
1075 1278 1219 1306 rursus
1237 1263 1302 1306 sin
1318 1264 1372 1306 de
1391 1263 1487 1320 lege
1504 1272 1709 1319 tanquam

110 1336 277 1390 marito,
314 1352 368 1378 an
404 1337 457 1379 de
492 1344 682 1399 peccato,
720 1352 855 1392 eoque
888 1343 962 1379 aut
995 1337 1162 1390 marito,
1195 1344 1270 1380 aut
1303 1338 1492 1394 conjugii
1524 1338 1708 1382 vinculo.

110 1410 272 1453 Verum
297 1411 350 1453 de
371 1411 451 1453 hoc
473 1411 667 1466 amplius.
727 1410 942 1453 Absoluta
962 1411 1041 1454 hac
1063 1411 1196 1453 altera
1213 1412 1508 1455 exhortatione
1531 1420 1573 1456 et
1595 1413 1710 1455 simi-

108 1485 304 1539 litudine,
322 1485 506 1528 occurrit
527 1485 757 1541 objectioni
788 1485 962 1528 obortae
994 1501 1048 1528 ex
1076 1485 1184 1542 legis
1214 1486 1444 1541 mentione,
1475 1502 1552 1543 per
1581 1503 1710 1543 quam

108 1560 284 1603 vitiosas
300 1560 557 1616 cupiditates
575 1560 719 1616 vigere
735 1560 915 1602 dixerat.
968 1559 1015 1602 Si
1031 1575 1107 1616 per
1121 1561 1261 1616 legem
1277 1568 1455 1616 peccata
1469 1569 1708 1617 patrantur,

110 1649 212 1691 ergo
231 1635 303 1677 lex
322 1642 559 1690 peecatum,
581 1635 663 1687 i.e.,
694 1634 859 1690 peccati
885 1650 1013 1677 causa
1043 1634 1228 1677 efficiens
1250 1642 1294 1678 et
1315 1635 1482 1678 vitiosa.
1541 1636 1711 1680 Adver-

110 1717 229 1752 satur
243 1709 549 1765 blasphemiam
566 1715 770 1764 tanquam
786 1708 1025 1761 absurdam,
1049 1715 1092 1751 et
1113 1709 1272 1753 refutat
1288 1725 1311 1751 a
1328 1710 1540 1753 contrario
1557 1711 1709 1754 effecto

109 1784 245 1841 legis:
276 1783 374 1827 Lex
394 1781 537 1840 arguit
560 1789 797 1839 peccatum,
820 1790 864 1826 et
893 1783 1100 1825 latentem
1130 1784 1287 1839 prodit,
1320 1800 1497 1840 eamque
1528 1785 1707 1843 detegit.

109 1858 212 1902 Non
235 1865 300 1901 est
325 1874 426 1916 ergo
446 1859 612 1915 peccati
632 1874 771 1912 causa,
803 1858 918 1914 quod
939 1859 1065 1901 docet
1098 1859 1292 1915 exemplo
1313 1875 1390 1902 suo
1410 1867 1615 1916 tanquam
1637 1877 1710 1904 ex-

112 1933 322 1990 perientia
341 1932 568 1986 communi,
594 1948 682 1975 ver.
707 1936 746 1975 7.
806 1932 937 1975 Unde
968 1948 1069 1989 ergo
1098 1935 1308 1989 peccata?
1338 1934 1589 1990 Respondet
1620 1952 1708 1979 ver.

111 2011 166 2062 8.,
197 2023 223 2050 a
249 2007 432 2050 naturali
452 2007 700 2061 vitiositate,
723 2022 832 2062 quae
853 2007 1117 2050 occasionem
1137 2007 1287 2064 arripit
1311 2009 1447 2066 magis
1477 2009 1709 2054 ferociendi

113 2097 167 2125 ex
186 2081 416 2125 interdicto
436 2081 556 2138 legis,
588 2097 696 2138 quae
728 2081 916 2138 prohibit
948 2096 1073 2124 omne
1105 2089 1343 2138 peccatum.
1404 2083 1635 2128 Caeterum
1655 2086 1709 2129 de

112 2157 349 2214 cupiditate
365 2163 440 2199 aut
452 2156 798 2212 concupiscentia
809 2157 924 2212 quod
937 2156 1062 2199 affert
1075 2172 1129 2199 ex
1144 2158 1255 2200 10m0
1268 2158 1470 2202 mandato
1485 2159 1707 2218 Decalogi,

111 2233 210 2275 ideo
229 2232 293 2285 fit,
315 2232 431 2287 quod
450 2231 531 2274 hoc
551 2237 779 2287 praecepto
799 2231 900 2274 mali
919 2230 1013 2274 fons
1034 2230 1270 2286 obturetur,
1292 2231 1534 2276 hominibus
1554 2250 1710 2290 magna

113 2322 168 2350 ex
182 2313 304 2363 parte
319 2305 577 2363 incognitus.
636 2305 772 2348 Vetat
788 2305 901 2348 enim
916 2305 1103 2348 radicem
1117 2305 1266 2362 ipsam,
1283 2313 1359 2349 aut
1379 2307 1531 2350 saltem
1550 2309 1708 2365 primos

112 2387 379 2437 emergentes
399 2379 577 2433 fructus,
599 2394 705 2435 quos
727 2372 921 2433 ψυχικος
941 2372 1146 2436 ἄνθρωπος
1174 2395 1301 2438 aegre
1330 2382 1561 2425 admodum
1591 2384 1710 2426 dam-

112 2454 281 2497 naverit
297 2454 334 2496 z*
365 2454 510 2511 aitque
530 2469 608 2511 per
627 2453 707 2497 hoc
728 2455 977 2497 mandatum
993 2470 1163 2498 omnem
1183 2455 1463 2512 cupiditatem
1483 2457 1528 2500 in
1549 2473 1594 2501 se
1613 2473 1711 2514 pro-

115 2529 289 2573 ductam
302 2543 408 2583 esse,
423 2529 497 2572 ubi
513 2528 762 2586 cupiditatis
776 2529 948 2571 nomine
964 2528 1178 2586 intelligas
1192 2536 1362 2586 oportet
1377 2530 1553 2575 vitiosos
1569 2539 1710 2576 motus

115 2618 242 2647 verae
264 2602 415 2646 virtuti
433 2603 695 2654 contrarios;
725 2603 806 2646 hoc
837 2603 933 2646 ideo
963 2603 1125 2646 factum
1153 2610 1311 2658 narrat,
1344 2605 1459 2661 quod
1489 2606 1580 2650 sine
1604 2607 1711 2664 legis

99 2675 270 2721 'notitia
290 2684 366 2719 aut
385 2677 645 2734 cogitatione
659 2684 885 2735 peccatum
906 2677 1028 2734 quasi
1052 2678 1252 2735 sopitum,
1275 2685 1319 2723 et
1339 2681 1554 2737 sepultum
1568 2682 1710 2738 jacet;

116 2759 247 2808 atque
276 2751 382 2794 haec
413 2750 616 2794 securitas
647 2760 713 2795 est
743 2752 932 2795 omnium
961 2751 1182 2795 hominum
1209 2768 1296 2797 non
1325 2761 1569 2798 renatorum
1600 2772 1708 2800 com-

117 2825 270 2878 munis,
291 2825 406 2880 quod
427 2839 504 2867 suo
525 2839 694 2881 quoque
715 2827 910 2884 exemplo
929 2842 1016 2870 non
1036 2828 1276 2884 regenerati
1291 2828 1474 2872 hominis
1489 2845 1712 2886 personam

592 2905 715 2940 *Vide
730 2909 752 2942 J
757 2910 871 2942 unium
894 2911 928 2942 in
944 2910 1064 2951 Exod.,
1082 2921 1140 2942 xx.
1157 2921 1228 2952 cap.
