1887 3188
243 194 323 235 504
834 206 1209 248 COMMENTARms,

244 324 489 367 charitatem
513 326 718 380 violando,
741 343 779 369 v.
806 330 870 382 14,
895 330 959 371 15.
1020 328 1194 384 Repetit
1215 344 1254 369 v.
1279 328 1343 380 15,
1365 326 1671 369 conclusionem
1692 326 1807 368 illus-

241 406 394 441 tratam
414 415 523 443 novo
548 409 807 458 argumento,
830 418 962 458 eoque
984 402 1279 455 efficacissimo,
1308 401 1445 443 verbis
1468 401 1588 443 valde
1614 400 1802 457 signatis,

241 474 341 515 dum
371 474 450 517 hoc
481 482 604 518 vocat
632 477 806 532 perdere
835 477 1029 527 fratrem3
1071 493 1196 532 quem
1228 476 1530 519 circumscribit
1561 475 1803 532 periphrasi,

242 563 394 591 vocans
416 564 511 592 eum
531 550 646 592 illum
668 567 742 607 pro
764 567 846 606 quo
867 551 1035 594 Christo
1056 558 1245 593 mortuus
1267 557 1342 604 est,
1364 550 1593 594 commissis
1614 566 1688 606 per
1708 565 1806 593 con-

241 623 473 666 tentionem
494 625 604 668 inter
624 641 667 667 se
689 626 782 668 cibo
803 633 1001 680 tanquam
1023 641 1067 667 re
1091 625 1289 667 vilissima
1311 631 1354 667 et
1369 632 1503 668 morte
1525 624 1697 678 Christi,
1722 640 1807 680 qua

240 697 369 740 frater
387 700 629 755 redemptus
661 707 724 742 est
753 700 888 756 pretio
908 700 1032 756 longe
1053 700 1247 742 maximo.
1308 699 1397 741 Ubi
1417 706 1460 742 et
1482 699 1641 743 Christi
1666 715 1806 743 exem-

240 773 356 829 plum
382 774 592 829 profertur
618 774 661 815 in
692 781 1000 830 contemptores
1031 775 1205 816 fratrum
1236 774 1521 827 infirmiorum,
1549 789 1625 830 pro
1654 774 1806 830 quibus

240 855 417 890 mortem
452 856 650 904 oppetere
680 865 764 891 non
795 858 859 892 est
887 850 1151 906 dedignatus.
1222 849 1450 906 Indignum
1486 849 1646 892 facinus
1676 849 1807 906 pluris

239 922 458 965 aestimare
479 923 708 966 buccellam
729 924 876 978 carnis,
906 940 1030 980 quam
1051 940 1216 966 carnem
1237 924 1311 965 filii
1333 924 1415 966 Dei
1439 939 1514 980 pro
1534 924 1654 967 nobis
1674 923 1807 966 cruci-

239 997 378 1050 fixam,
400 1005 443 1040 et
464 998 696 1040 membrum
718 998 890 1042 Christi.
950 999 1111 1041 Rursus
1141 999 1268 1041 infert
1296 999 1604 1041 conclusionem
1631 985 1806 1055 ampliti-

240 1079 377 1115 catam
404 1073 535 1115 altero
560 1082 808 1130 argumento
829 1074 881 1116 ab
902 1075 1122 1129 adjunctis,
1145 1090 1196 1117 ne
1218 1074 1324 1117 male
1346 1074 1490 1116 audiat
1510 1074 1804 1131 Evangelium,

239 1155 412 1203 propter
441 1148 617 1191 abusum
640 1148 905 1192 Christianae
935 1149 1155 1201 libertatis,
1177 1165 1217 1191 v.
1241 1151 1306 1192 16.
1366 1149 1493 1192 Ratio
1514 1149 1741 1204 subjiciter,
1763 1165 1803 1192 v.

242 1224 308 1275 17,
339 1222 391 1264 ab
422 1223 587 1278 objecto
611 1224 830 1277 libertatis,
862 1231 906 1266 et
934 1224 1087 1280 objecti
1115 1224 1422 1277 distributione,
1451 1240 1547 1266 cum
1574 1224 1805 1266 remotione

238 1298 330 1340 falsi
351 1298 529 1353 objecti:
551 1299 749 1341 Libertas
770 1307 912 1342 nostra
930 1299 1181 1352 Christiana,
1204 1314 1286 1354 qua
1306 1299 1349 1340 in
1370 1314 1500 1355 regno
1516 1299 1601 1341 Dei
1615 1298 1804 1351 fruimur,

238 1388 322 1415 non
344 1380 407 1415 est
427 1373 472 1414 in
492 1373 585 1416 cibo
607 1381 650 1416 et
670 1382 786 1430 potu,
819 1376 891 1417 sed
912 1375 956 1415 in
977 1375 1146 1429 justitia
1174 1381 1261 1416 tam
1287 1374 1548 1429 justificante
1568 1389 1656 1427 nos,
1679 1389 1804 1429 quam

239 1447 538 1500 sanctificante,
561 1456 604 1491 et
624 1448 667 1489 in
687 1464 790 1504 pace
811 1464 905 1491 cum
926 1449 1033 1502 Deo,
1055 1456 1098 1491 et
1118 1449 1229 1491 inter
1248 1464 1336 1502 nos,
1358 1465 1441 1504 qua
1461 1449 1649 1491 diremtis
1669 1448 1806 1491 inimi-

238 1522 361 1576 citiis,
384 1531 426 1565 et
446 1523 735 1579 pacificatione
756 1539 831 1580 per
852 1523 1068 1567 Christum
1095 1524 1218 1577 facta,
1247 1539 1342 1566 cum
1363 1524 1458 1566 Deo
1480 1532 1522 1566 et
1543 1523 1740 1566 fratribus
1759 1523 1804 1565 in

237 1597 417 1654 gratiam
444 1598 685 1652 redivimus,
710 1614 758 1641 ac
779 1599 960 1654 denique
985 1599 1029 1640 in
1056 1598 1223 1654 guadio,
1251 1599 1370 1653 cujus
1395 1606 1516 1641 autor
1535 1599 1578 1640 in
1598 1598 1718 1641 nobis
1739 1604 1804 1641 est

227 1671 422 1728 Spiritus
443 1672 637 1726 Sanctus,
665 1673 739 1729 qui
758 1681 874 1716 certa
905 1673 1171 1730 persuasione
1192 1673 1324 1715 divini
1346 1689 1445 1730 erga
1464 1689 1540 1716 nos
1570 1673 1734 1727 amoris,
1760 1680 1803 1716 et

236 1746 390 1790 favoris
409 1747 604 1804 perpetui
623 1747 724 1791 facit
751 1756 799 1791 ut
819 1748 1045 1805 gloriemur
1065 1748 1142 1790 sub
1163 1764 1235 1804 spe
1256 1748 1412 1804 gloriae
1433 1748 1528 1802 Dei,
1550 1755 1678 1805 atque
1698 1749 1804 1792 adeo

238 1821 315 1864 sub
336 1822 469 1865 crucis
490 1822 732 1876 acerbitate,
754 1830 797 1865 et
818 1823 965 1866 mediis
994 1838 1133 1865 rerum
1153 1823 1422 1865 adversarum
1447 1822 1659 1866 fiuctibus.
1717 1823 1805 1866 Dc-

237 1896 365 1953 nique
388 1897 434 1939 in
449 1897 643 1953 justitiae
670 1904 714 1940 et
733 1898 848 1954 pacis
875 1897 1028 1951 studio,
1060 1904 1104 1940 et
1134 1897 1317 1954 Spiritus
1338 1897 1634 1952 consolatione,
1655 1913 1739 1940 non
1758 1897 1804 1940 in

237 1971 302 2014 his
333 1971 458 2014 rebus
493 1971 677 2015 externis
706 1972 892 2029 positum
912 1980 977 2016 est
996 1987 1173 2029 regnum
1197 1971 1294 2014 Dei.
1355 1971 1702 2014 Potentissimum
1721 1971 1802 2016 hoc

237 2053 532 2103 argumentum
565 2053 609 2090 et
635 2054 895 2090 caeterorum
925 2047 1110 2091 omnium
1136 2047 1480 2097 fundamentum3
1511 2047 1625 2102 quod
1653 2046 1804 2103 probat

236 2121 463 2164 relatorum
491 2128 641 2165 mutua
669 2122 903 2177 affectione,
934 2129 978 2165 et
1005 2122 1226 2178 adjunctis.
1298 2121 1387 2164 Ubi
1419 2121 1593 2165 observa
1625 2137 1802 2179 regnum

236 2194 322 2239 Dei
337 2202 381 2239 et
400 2202 587 2240 nostram
607 2197 868 2251 servitutem,
889 2213 972 2253 qua
993 2196 1163 2240 Christo
1184 2197 1399 2250 servimus,
1420 2197 1481 2239 ita
1500 2196 1608 2240 affici
1626 2197 1738 2240 inter
1757 2212 1803 2240 se

235 2277 397 2325 mutuo,
417 2278 468 2314 ut
485 2278 630 2317 nostra
650 2271 892 2315 Christiana
909 2272 1081 2315 libertas
1101 2272 1157 2314 sit
1173 2271 1343 2314 Christo
1364 2271 1531 2325 servire,
1555 2277 1598 2314 et
1618 2271 1696 2315 hac
1716 2287 1803 2315 ser-

235 2346 375 2391 vitute
408 2362 484 2390 nos
513 2346 634 2403 regni
663 2347 748 2390 Dei
779 2347 1004 2404 participes
1039 2362 1142 2390 esse.
1199 2346 1253 2388 In
1285 2346 1436 2402 quibus
1468 2361 1567 2403 ergo
1599 2346 1802 2392 servimus

239 2420 423 2474 Christo,
443 2421 488 2463 in
507 2421 558 2464 iis
580 2422 737 2465 utimur
755 2429 898 2465 nostra
923 2422 1130 2476 libertate,
1152 2422 1220 2464 vel
1245 2422 1385 2478 potius
1404 2420 1575 2464 libertas
1595 2429 1739 2466 nostra
1756 2422 1802 2465 in

240 2495 305 2538 his
331 2496 469 2552 posita
495 2503 574 2551 est,
595 2504 639 2539 et
659 2512 802 2540 eorum
826 2497 1036 2551 fruitione,
1067 2512 1174 2552 quae
1201 2495 1320 2538 nobis
1347 2495 1571 2551 acquisivit
1591 2495 1800 2551 Christus,

238 2585 454 2626 quaequae
480 2578 580 2614 sunt
597 2571 718 2628 regni
739 2571 899 2615 Christi
922 2571 1152 2628 privilegia,
1175 2586 1252 2627 pro
1272 2569 1423 2626 quibus
1450 2578 1652 2626 tanquam
1673 2571 1799 2616 rebus

236 2644 480 2697 necessariis
510 2652 574 2688 est
601 2646 708 2688 serio
737 2647 1089 2700 contendendum,
1119 2652 1168 2688 ut
1193 2645 1305 2702 grati
1331 2645 1411 2687 deo
1443 2652 1486 2687 et
1515 2645 1690 2702 accepti,
1720 2661 1799 2690 nec

236 2719 363 2763 invisi
381 2719 632 2774 hominibus,
653 2721 727 2763 sed
747 2720 912 2777 probati
931 2721 1072 2763 simus.
1133 2720 1199 2762 De
1219 2719 1310 2762 aliis
1340 2734 1439 2762 vero
1459 2719 1583 2762 rebus
1603 2726 1652 2762 ut
1677 2720 1802 2763 mini-

237 2810 305 2838 me
324 2794 579 2848 necessariis‚
600 2795 715 2837 nulla
743 2795 1012 2838 contentione
1042 2801 1107 2837 est
1137 2809 1254 2850 opus.
1313 2794 1466 2837 Pacem
1486 2794 1618 2851 igitur
1637 2801 1680 2837 et
1699 2810 1799 2838 con-

236 2869 505 2913 scientiarum
521 2870 868 2927 tranquillitatem
883 2885 978 2913 cum
994 2876 1141 2912 mutua
1165 2869 1337 2912 fratrum
1356 2869 1643 2913 aedificatione
1664 2878 1799 2915 secte-
