1887 3188
197 227 280 268 464
804 235 1187 276 connexuimus,

199 357 276 399 bus
308 363 352 399 et
382 355 620 398 actionibus
652 356 817 398 externi
845 357 994 398 itidem
1021 355 1203 398 hominis
1235 362 1277 397 et
1308 369 1391 396 non
1423 352 1605 409 regeniti
1634 351 1784 395 utitur.

197 431 280 473 Est.
300 430 433 487 igitur
456 437 617 486 tropus,
641 430 827 486 Spiritus
850 430 998 474 Sancti
1020 429 1248 486 spiritualis
1271 436 1313 471 et
1334 427 1570 484 peculiaris,
1593 442 1719 482 quam
1740 426 1785 467 in

198 506 263 548 his
285 505 459 548 vocibus
480 505 649 561 ignorat
669 505 946 561 philosophia,
969 520 1063 547 cum
1086 504 1238 560 quibus
1259 510 1352 545 toto
1373 502 1489 545 coelo
1511 500 1668 543 erravit
1688 500 1788 542 olim

200 580 328 621 etiam
348 579 648 635 Augustinus3
680 595 828 622 verum
860 588 1009 634 postea
1040 579 1178 620 virum
1211 578 1418 633 optimum
1451 590 1633 619 errorem
1664 589 1789 616 suum

199 660 429 696 retractare
459 669 545 696 non
576 654 742 709 puduit,
775 669 858 708 quo
891 652 1183 694 detestabilior
1213 658 1277 693 est
1309 666 1451 693 eorum
1483 649 1680 703 amentia,
1714 648 1789 704 qui

199 728 349 769 malint
370 743 467 770 cum
488 727 633 769 multis
651 743 801 779 errare,
824 742 950 781 quam
967 742 1064 768 cum
1087 726 1246 781 Spirito
1269 725 1428 768 Sancto
1448 724 1672 767 veritatem
1693 737 1791 779 pro-

199 802 325 844 fiteri.
384 801 547 843 Verum
568 801 673 842 haec
694 801 914 842 hactenus.
975 800 1168 842 Tandem
1198 806 1296 855 post
1319 799 1428 841 hanc
1451 799 1600 840 duram
1621 797 1790 840 conflic-

201 876 421 928 tationem,
436 882 639 930 tanquam
657 890 679 917 e
697 875 1003 930 desperationis
1021 881 1210 916 extremo
1225 873 1466 916 discrimine
1482 872 1642 915 vixtrix
1659 886 1791 914 emer-

201 950 265 1006 git
286 949 404 1002 fides,
437 964 485 991 ac
506 949 602 991 Deo
622 949 781 1005 gratias
810 949 900 1006 agit
930 949 974 990 in
997 948 1182 1002 Christo,
1206 955 1248 990 et
1269 947 1485 991 concludit
1506 962 1550 990 se
1571 946 1692 1003 quasi
1713 947 1792 988 du-

201 1024 354 1079 plicem
377 1039 468 1066 esse
490 1039 673 1076 servum,
697 1030 740 1065 et
756 1023 921 1065 duobus
943 1023 1063 1078 quasi
1085 1023 1266 1065 dominis
1284 1022 1526 1074 obnoxium,
1551 1020 1729 1077 Spiritui
1746 1027 1790 1063 et

203 1099 343 1148 carni;
374 1098 473 1140 huic
504 1098 619 1153 quod
649 1098 703 1139 ad
732 1098 871 1154 legem
902 1098 1068 1153 peccati
1098 1105 1142 1140 et
1172 1097 1424 1139 exteriorem
1458 1095 1700 1144 hominem3
1730 1094 1793 1136 illi

203 1174 318 1228 quod
345 1173 483 1228 legem
506 1172 673 1225 mentis,
697 1179 740 1214 et
761 1172 1005 1214 interiorem
1025 1172 1254 1214 hominem.
1311 1170 1441 1224 Quod
1461 1170 1576 1213 dicat
1597 1185 1641 1212 se
1662 1169 1794 1212 servi-

204 1263 256 1290 ve
286 1247 372 1303 legi
402 1247 579 1302 peccati,
610 1262 695 1288 non
718 1253 782 1288 est
812 1246 874 1288 ita
903 1247 1208 1302 accipiendum,
1241 1245 1361 1301 quasi
1391 1252 1530 1287 totum
1552 1260 1596 1287 se
1616 1250 1793 1300 pec-cato

205 1322 493 1377 mancipatum
526 1328 709 1374 censeat,
742 1336 838 1363 cum
870 1331 1013 1363 mente
1044 1321 1202 1363 serviat
1228 1320 1315 1376 legi
1343 1320 1455 1369 Dei3
1489 1334 1627 1375 neque
1658 1334 1703 1361 se
1732 1318 1795 1360 ita

206 1396 480 1439 vendicatum
501 1395 545 1436 in
566 1395 809 1437 libertatem
829 1402 878 1436 ut
899 1410 985 1437 non
1006 1395 1163 1437 sentiat
1184 1395 1321 1437 carnis
1344 1401 1485 1436 motus
1506 1393 1696 1446 rebelles,
1718 1392 1795 1436 sed

206 1485 251 1513 se
273 1470 523 1512 distractum
539 1470 601 1511 ita
621 1485 646 1510 a
666 1469 972 1525 cupiditatibus
988 1469 1193 1525 agnoscit,
1215 1475 1264 1510 ut
1285 1475 1428 1511 tamen
1446 1468 1689 1524 experiatur
1707 1467 1795 1510 vim

208 1544 406 1600 Spiritus,
441 1550 618 1600 peccato
657 1559 771 1586 nunc
810 1543 1061 1596 resistentis,
1103 1558 1215 1585 nunc
1266 1542 1507 1585 damnantis
1555 1549 1793 1598 peccatum.

207 1618 338 1661 Unde
359 1618 548 1660 nascitur
563 1624 680 1660 certa
699 1617 961 1659 liberationis
977 1617 1144 1669 fiducia,
1162 1633 1270 1672 quae
1286 1617 1331 1658 in
1348 1616 1496 1659 mediis
1511 1617 1796 1671 jactationum

205 1692 406 1735 fluctibus
436 1691 560 1734 affert
587 1691 955 1746 tranquillitatem.
1015 1691 1132 1733 Hinc
1163 1691 1247 1744 illa,
1278 1691 1323 1732 in
1355 1706 1482 1746 quam
1503 1691 1556 1732 de
1578 1690 1719 1733 subito
1739 1691 1796 1732 ir-

206 1766 367 1823 rumpit
396 1766 711 1822 praegestiente
741 1765 918 1819 laetitia,
950 1765 1071 1821 quasi
1092 1766 1147 1807 ad
1167 1781 1302 1808 novae
1322 1766 1428 1807 lucis
1459 1771 1679 1821 aspectum
1697 1771 1796 1821 post

207 1840 416 1884 tristiores
448 1840 540 1882 illas
573 1840 783 1892 tenebras,
816 1840 1049 1896 gratiarum
1084 1840 1209 1883 actio.
1274 1840 1320 1882 N
1322 1840 1479 1882 otanda
1511 1838 1720 1895 emphasis
1751 1838 1797 1880 in

209 1917 374 1959 duobus
395 1915 737 1972 praenominibus
759 1905 888 1960 ἀυτὸς
911 1906 1006 1967 ἐγὼ,
1033 1914 1186 1969 quibus
1217 1930 1262 1957 se
1284 1926 1327 1957 et
1347 1914 1562 1956 hominem
1591 1927 1705 1955 nunc
1732 1927 1799 1954 re-

209 1990 416 2047 genitum,
439 1997 483 2032 et
503 1997 552 2032 ut
573 1990 852 2046 reginitorum
867 1992 1009 2045 partes
1031 1989 1325 2042 sustinentem,
1347 1988 1392 2029 in
1412 2002 1635 2031 commune
1656 2001 1799 2029 exem-

209 2065 327 2121 plum
357 2071 400 2106 et
428 2063 626 2106 solatium
645 2064 804 2106 renatis
825 2063 1020 2106 omnibus
1049 2063 1262 2119 proponit.
1309 2062 1436 2105 Subit
1456 2068 1643 2104 mentem
1671 2075 1800 2117 quae-

209 2154 315 2193 rere,
338 2138 491 2194 ecquid
511 2153 642 2192 mens,
664 2138 874 2191 voluntas,
905 2137 1133 2180 delectatio
1155 2144 1198 2179 et
1219 2137 1514 2179 delectationis
1535 2135 1716 2190 affectio,
1744 2135 1798 2178 de

211 2213 366 2269 quibus
386 2213 512 2269 paulo
533 2220 633 2255 ante
655 2212 757 2269 egit,
777 2212 1022 2254 rudimenta
1041 2211 1277 2254 imbecillae
1305 2210 1650 2253 sanctificationis
1670 2209 1800 2264 adep-
1839 2241 1843 2244 ⁴

210 2295 270 2341 ta,
286 2302 372 2330 non
392 2293 566 2343 possent
586 2285 787 2329 membris
808 2292 853 2328 et
872 2285 1168 2328 instrumentis
1188 2285 1374 2341 corporis
1395 2283 1649 2327 sanctificati
1667 2282 1798 2325 animi

211 2361 300 2405 vim
330 2376 589 2418 expromere,
611 2367 741 2416 atque
762 2361 887 2403 edere
909 2359 1096 2402 externis
1121 2359 1359 2402 actionibus
1390 2359 1537 2401 eadem
1568 2357 1797 2400 sanctitate

211 2435 417 2492 perfusis3
460 2435 582 2491 quasi
616 2435 858 2492 agnoscerit
887 2434 1131 2477 inchoatam
1161 2433 1426 2489 superiorum
1450 2432 1716 2486 facultatum,
1753 2439 1798 2474 et

213 2510 480 2566 quorundam
510 2510 741 2552 effectuum
772 2509 1137 2562 instaurationem,
1173 2522 1322 2549 verum
1352 2507 1458 2549 adeo
1492 2505 1723 2548 invalidam
1753 2512 1797 2548 et

213 2583 486 2637 inefficacem,
516 2591 567 2626 ut
596 2599 749 2639 corpus
779 2583 917 2639 ipsum
948 2597 1095 2639 regere
1126 2588 1170 2624 et
1200 2587 1419 2623 externam
1440 2580 1574 2623 vitam
1598 2595 1684 2623 non
1703 2595 1798 2636 pos-

214 2657 284 2701 sit.
333 2657 439 2700 Ideo
454 2654 711 2713 Apostolum
728 2657 898 2710 dixisse,
915 2657 1030 2712 quod
1045 2655 1141 2698 volo
1157 2654 1328 2708 bonum,
1345 2670 1431 2697 non
1445 2655 1578 2702 faci03
1600 2654 1715 2710 quod
1727 2653 1800 2697 odi

214 2732 386 2786 malum,
406 2731 487 2774 hoc
507 2746 602 2788 ago,
624 2737 669 2773 et
689 2731 900 2786 comperio
920 2730 1030 2772 hanc
1053 2729 1192 2786 legem
1211 2728 1373 2772 volenti
1392 2729 1497 2771 mihi
1526 2729 1663 2772 facere
1684 2727 1800 2785 quod

214 2806 442 2849 honestum
463 2811 541 2860 est,
562 2804 668 2846 mihi
687 2804 846 2846 malum
861 2804 1078 2858 adjacere3
1101 2809 1145 2845 et
1164 2802 1290 2859 paulo
1312 2819 1450 2859 supra,
1471 2803 1581 2846 velle
1601 2802 1800 2858 equidem

215 2880 338 2923 adest
366 2879 484 2934 mihi,
505 2879 582 2926 sed
601 2886 650 2922 ut
670 2877 899 2935 perficiam,
931 2877 1047 2933 quod
1066 2876 1294 2920 honestum
1315 2884 1392 2931 est,
1428 2893 1515 2920 non
1548 2876 1732 2930 invenie,
1754 2883 1799 2919 et
