1887 3188
754 179 854 209 CAP.
877 180 971 208 xvl.
997 167 1137 208 12-20.
1681 165 1762 207 513

183 307 248 343 est
270 316 425 353 eorum,
448 301 520 355 qui
540 300 720 341 multum
741 301 1003 356 pollicentur,
1025 315 1173 355 parum
1194 305 1266 340 aut
1292 298 1396 339 nihil
1416 305 1655 354 praestant3
1683 297 1756 353 qui

184 377 236 418 de
276 376 451 418 aliorum
487 375 634 430 magis,
671 390 797 430 quam
832 375 917 416 suis
952 375 1181 416 commodis
1213 374 1345 416 videri
1380 374 1527 416 volunt
1563 373 1754 422 solliciti3

182 466 328 507 reapse
373 458 514 493 tamen
559 450 809 503 blandiores,
855 465 981 506 quam
1026 449 1305 505 benigniores,
1345 456 1394 491 ut
1433 449 1486 491 de
1532 448 1756 491 Pertinace

182 526 442 581 Imperatore
463 525 662 568 Aurelius
683 525 847 568 Victor.
906 525 974 567 De
1002 524 1154 580 quibus
1184 524 1381 581 vulgatus
1411 524 1491 566 iste
1512 524 1755 577 versiculus,

185 600 340 644 Catoni
359 601 612 657 inscriptus:

354 711 457 755 Noli
477 711 666 754 homines
686 711 861 754 blandos
882 710 1058 753 nimium
1079 725 1269 753 sermone
1289 709 1477 766 probare,

355 787 522 830 Fistula
541 787 663 830 dulce
684 786 811 841 canit,
832 787 1045 830 volucrem
1065 787 1166 828 dum
1187 785 1344 842 decipit
1365 800 1530 841 auceps.

182 888 395 951 Ἐυλογία,
417 898 572 941 dicitur
595 914 620 939 a
648 897 832 954 profanis
862 896 1034 953 quidem
1064 896 1335 952 scriptoribus
1356 895 1489 938 oratio
1510 895 1564 937 ad
1584 895 1760 937 aliorum

183 973 329 1015 laudes
350 973 650 1029 praedicandas
680 972 1007 1025 accommodata,
1029 987 1054 1014 a
1073 971 1201 1014 verbo
1225 963 1416 1023 εὐλογᾶν,
1439 970 1507 1013 vel
1536 970 1590 1012 de
1617 969 1760 1012 fucata

184 1054 228 1091 et
241 1047 356 1090 inani
368 1048 564 1091 facundia
570 1064 580 1098 3
596 1039 788 1101 Εὕλογος
809 1040 930 1087 ἀπίοι
945 1048 997 1090 de
1014 1063 1139 1090 causa
1152 1047 1358 1104 probabili
1374 1053 1447 1088 aut
1463 1045 1697 1095 verisimili3
1715 1051 1758 1087 et

182 1122 359 1166 fortasse
380 1116 553 1177 εὐλογία
574 1123 783 1181 significat
812 1123 994 1179 speciem
1014 1122 1188 1166 rationis
1210 1129 1253 1164 et
1271 1120 1591 1178 probabilitatis,
1612 1127 1662 1162 ut
1691 1130 1761 1159 πι-

182 1191 407 1252 θανολογιά
437 1199 537 1242 alibi
566 1199 679 1256 apud
698 1198 952 1256 Apostolum
977 1198 1021 1240 in
1041 1198 1146 1242 vitio
1175 1197 1358 1254 ponitur.
1417 1196 1579 1239 Verum
1607 1211 1660 1238 ex
1680 1211 1760 1238 usu

187 1272 443 1330 Scripturae,
452 1282 496 1317 et
508 1274 632 1330 hujus
639 1273 836 1331 Apostoli
849 1274 1081 1331 acceperim
1094 1274 1147 1316 de
1160 1271 1466 1326 benedictione,
1475 1271 1543 1314 vel
1555 1271 1608 1314 de
1621 1270 1760 1313 fausta

184 1349 439 1405 precatione,
461 1351 574 1406 quod
593 1350 659 1392 his
679 1349 839 1392 artibus
860 1349 1022 1392 soleant
1041 1349 1106 1391 uti
1126 1346 1538 1404 Pseudoprophetae,
1559 1352 1609 1388 ut
1628 1345 1762 1402 pieta-

184 1423 240 1466 tis
260 1423 440 1466 obtentu
466 1424 626 1466 fallant.
685 1423 838 1467 Utitur
866 1430 1009 1466 autem
1029 1423 1157 1467 verbo
1178 1417 1450 1480 παρακαλῶ,
1481 1437 1564 1478 quo
1586 1421 1693 1464 serio
1714 1436 1759 1464 se

185 1513 310 1555 agere
331 1498 554 1556 significat,
575 1514 660 1542 non
690 1500 804 1555 quod
833 1500 886 1542 de
914 1515 1058 1542 eorum
1087 1499 1183 1553 fide,
1211 1507 1286 1542 aut
1313 1497 1553 1542 obedientia
1576 1497 1756 1550 dubitet,

186 1589 294 1629 quae
315 1574 396 1616 toti
422 1574 508 1617 fere
528 1580 735 1616 terrarum
755 1573 848 1617 orbi
866 1574 1111 1628 innotuerit,
1133 1589 1240 1630 quae
1270 1579 1314 1617 et
1334 1573 1542 1630 Apostolo
1561 1587 1759 1630 magnam

185 1649 413 1705 spiritualis
433 1649 578 1706 gaudii
608 1649 826 1692 materiam
847 1649 1161 1700 subministret3
1192 1664 1339 1692 verum
1359 1649 1459 1704 quia
1478 1663 1528 1691 ea
1548 1654 1613 1691 est
1642 1655 1760 1691 vete-

185 1730 373 1766 ratorum
388 1724 500 1767 fraus
521 1731 565 1767 et
583 1724 783 1779 versutia,
803 1712 854 1767 ut
873 1740 981 1781 quae
1001 1724 1122 1767 facile
1142 1724 1412 1768 clandestinis
1432 1723 1592 1767 artibus
1613 1730 1657 1767 et
1676 1722 1759 1766 cal-

184 1798 365 1854 liditate,
397 1806 446 1842 ut
478 1806 543 1842 est
573 1799 686 1857 Eph.
721 1815 758 1843 c.
787 1799 843 1843 iv.
874 1816 915 1843 v.
945 1801 1011 1855 14,
1041 1800 1180 1843 minus
1209 1800 1523 1856 circumspectis
1556 1800 1760 1857 imponat.

185 1874 291 1917 Ideo
306 1874 367 1917 ait
382 1890 427 1917 se
446 1874 671 1931 requirere,
687 1882 737 1918 ut
756 1891 842 1919 non
861 1875 995 1918 solum
1016 1875 1101 1919 sint
1117 1875 1337 1932 simplices,
1358 1866 1553 1932 ἀκέραιοι,
1574 1873 1648 1930 qui
1667 1872 1761 1916 nul-

184 1949 269 1991 lam
288 1965 457 2006 prorsus
477 1950 657 1993 nocendi
676 1958 809 1993 artem
829 1957 1017 2005 teneant,
1037 1951 1194 1994 nedum
1213 1958 1263 1994 ut
1281 1966 1428 2008 reapse
1447 1965 1598 1994 nocere
1619 1948 1762 1992 stude-

187 2034 286 2076 ant3
307 2025 384 2068 sed
399 2025 526 2068 etiam
541 2032 591 2069 ut
610 2026 852 2084 cognitione
867 2026 1071 2081 veritatis,
1088 2032 1132 2069 et
1151 2025 1376 2083 prudentia
1393 2025 1604 2080 instructi,
1625 2015 1756 2077 σοφὼ,

185 2099 298 2142 bona
317 2099 527 2157 amplecti,
555 2100 666 2143 mala
684 2100 832 2156 vitare,
856 2100 1024 2144 fraudes
1046 2107 1090 2144 et
1108 2101 1279 2157 laqueos
1294 2101 1758 2158 pseudo-apostolorum

187 2175 386 2232 effugere,
406 2174 488 2218 illis
508 2182 654 2232 aperte
676 2176 839 2232 possint
869 2175 1085 2220 obsistere.
1144 2176 1216 2220 Sic
1237 2175 1433 2220 Christus
1461 2182 1607 2219 monet
1635 2174 1760 2219 disci-

185 2250 307 2308 pulos
328 2266 438 2304 suos,
458 2257 508 2294 ut
528 2257 742 2307 serpentes
757 2251 994 2308 prudentia,
1016 2251 1284 2308 simplicitate
1299 2250 1512 2294 columbas
1526 2250 1760 2293 imitentur.

190 2324 344 2369 Cautio
378 2325 443 2368 his
478 2325 736 2382 temporibus
768 2325 956 2383 apprime
986 2326 1233 2370 necessaria.
1290 2325 1352 2369 Et
1385 2341 1439 2369 ne
1468 2326 1760 2383 despondeant

184 2399 350 2443 animos
370 2400 424 2444 ob
443 2400 741 2444 veteratoriam
760 2401 1037 2457 impostorum
1056 2401 1298 2456 versutiam,
1319 2407 1393 2444 aut
1421 2401 1638 2445 hominum
1665 2416 1760 2458 gra·

189 2474 307 2528 tiam,
323 2482 398 2518 aut
408 2476 657 2532 potentiam,
674 2476 854 2532 spondet
869 2476 1088 2520 victoriam
1100 2476 1219 2520 brevi
1231 2476 1284 2519 de
1298 2475 1484 2533 ipsorum
1499 2475 1760 2534 Imperatore

192 2550 248 2606 (si
281 2557 470 2594 veterem
502 2551 778 2609 interpretem
808 2551 1014 2594 Latinum
1045 2558 1090 2595 et
1117 2550 1273 2609 Syrum
1304 2566 1540 2608 sequamur,
1572 2551 1647 2607 qui
1672 2562 1763 2590 avv-

120 2627 124 2631 '
189 2616 322 2682 τξίψῃ
349 2625 533 2683 legunt),
553 2633 598 2670 et
617 2626 775 2670 fraudis
804 2642 853 2670 ac
872 2626 1081 2670 mendacii
1098 2632 1286 2684 parente,
1306 2625 1501 2679 Diabolo‚
1522 2641 1619 2669 cum
1647 2625 1763 2669 omni

193 2701 283 2756 ejus
317 2700 516 2743 falsorum
548 2701 769 2746 doctorum
803 2701 1015 2757 satellitio,
1049 2701 1165 2759 pacis
1202 2707 1371 2746 nostrae
1405 2707 1552 2744 autore
1585 2700 1682 2744 Deo
1714 2701 1760 2743 in

193 2773 390 2818 Christo:
419 2774 583 2818 Verum
601 2775 675 2831 ita,
695 2783 745 2820 ut
767 2777 874 2821 nolit
893 2792 970 2821 nos
990 2792 1157 2821 securos
1177 2792 1281 2832 esse,
1301 2777 1377 2820 sed
1395 2776 1497 2819 dum
1516 2776 1652 2832 praeit
1670 2776 1762 2833 ipse

192 2849 400 2907 precibus,
420 2857 470 2894 ut
489 2866 616 2908 supra
634 2851 812 2909 saepius,
833 2852 893 2896 sic
912 2852 1041 2896 etiam
1060 2867 1173 2896 nunc
1201 2851 1405 2909 repetitis,
1425 2851 1587 2909 gratiae
1606 2851 1692 2896 Dei
1719 2851 1767 2895 in

938 2929 964 2970 2
986 2939 1020 2969 K
