1887 3188
573 214 906 244 ARGUMENTUM
928 213 1201 244 EPISTOLAE.
1605 201 1687 242 387

88 335 280 391 partibus
301 334 481 387 uberior,
504 342 548 376 et
569 333 778 376 efficacior
798 334 851 375 ad
872 349 948 375 nos
973 334 1114 388 justos
1135 332 1469 386 constituendos,
1496 338 1540 374 et
1561 331 1684 374 offer-

89 410 243 452 endam
254 409 376 452 nobis
393 408 525 451 vitam
542 415 771 462 aeternam,
793 423 922 463 quam
937 407 1148 462 injustitia
1160 405 1319 448 Adami
1335 407 1389 447 ad
1404 421 1481 448 nos
1501 404 1683 461 injustos

87 483 422 537 constituendos,
440 489 485 526 et
499 489 680 525 mortem
695 482 1017 538 promerendam
1032 497 1043 531 3
1069 496 1118 523 ac
1134 480 1312 536 proinde
1328 479 1433 522 haec
1447 479 1582 522 omnis
1596 479 1682 522 col-

85 557 189 601 latio
207 557 370 601 Christi
390 573 488 600 cum
508 557 679 600 Adamo
703 557 759 599 ad
787 556 934 599 salutis
956 555 1258 599 certitudinem
1279 553 1479 610 pertinet,
1512 559 1682 608 sumpta

86 632 286 674 nimirum
302 648 327 674 a
339 648 467 674 causa
481 632 676 674 uberiore
692 638 737 674 et
753 630 985 674 efficaciore
1001 645 1077 687 per
1090 629 1303 686 duplicem
1320 626 1680 684 comparationem

86 713 176 749 tam
192 707 392 749 similium
410 722 538 762 quam
553 706 792 763 imparium.
855 705 966 749 Cum
982 705 1061 747 hac
1076 703 1262 760 justitia,
1285 702 1433 746 salutis
1449 717 1588 755 causa,
1611 716 1682 744 co-

86 781 233 824 haeret
246 781 379 824 altera
389 781 560 836 justitia
573 780 721 823 salutis
737 781 905 837 pignus,
921 779 1021 836 quia
1031 777 1349 835 justificationis
1366 776 1659 820 testimonium
1667 791 1679 826 3

87 856 245 912 quippe
262 856 541 899 sanctificatio
555 871 808 912 promanans
825 871 850 897 a
864 862 1001 897 morte
1019 861 1062 896 et
1078 852 1388 896 resurrectione
1403 850 1578 905 Christi,
1596 865 1683 906 qua

87 946 184 973 cum
207 930 380 974 Christo
408 931 694 974 coalescentes
714 930 760 971 in
780 937 916 973 morte
938 936 982 971 et
1003 929 1094 971 vita
1113 928 1175 970 illi
1196 928 1432 971 conformes
1462 925 1682 969 reddimur

86 1014 224 1048 morte
241 1005 418 1062 peccati,
436 1012 479 1048 et
498 1004 586 1047 vita
599 1004 820 1060 justitiae3
853 1005 906 1046 ad
923 1019 1049 1060 quam
1072 1003 1353 1045 exercendam
1370 1008 1414 1044 et
1429 1015 1681 1057 promoven-

87 1081 187 1123 dam
207 1080 366 1136 duplici
387 1080 665 1123 similitudine
693 1079 1004 1132 extimulamur,
1035 1093 1122 1120 una
1149 1076 1369 1120 servitutis
1391 1083 1435 1119 et
1455 1074 1678 1128 libertatis,

86 1156 200 1198 unde
213 1155 427 1198 certitudo
443 1154 591 1196 salutis
612 1153 826 1210 gratuitae
839 1168 931 1209 cap.
947 1153 1002 1194 vi.
1019 1151 1312 1195 concluditur:
1338 1151 1473 1193 altera
1493 1148 1681 1206 coniugii

86 1229 243 1273 veteris
265 1237 308 1272 et
329 1229 442 1283 novi,
465 1244 562 1272 cum
582 1228 836 1285 purgatione
856 1227 976 1284 legis,
1006 1233 1049 1269 et
1071 1225 1316 1269 defensione
1336 1224 1542 1282 legitima,
1564 1223 1689 1279 quod'

84 1320 172 1348 non
198 1305 305 1362 legis
325 1304 445 1358 vitio,
477 1305 552 1347 sed
581 1303 748 1360 peccati
776 1302 983 1345 maleficio
1004 1307 1228 1357 peccatum
1257 1315 1334 1356 per
1353 1300 1494 1356 legem
1524 1313 1681 1354 augea-

84 1386 169 1422 tur.
228 1379 356 1422 Vnde
377 1386 474 1435 post
504 1393 678 1435 gravem
708 1377 882 1420 luctum·
904 1376 1174 1420 concluditur
1193 1382 1311 1418 certa
1330 1373 1511 1417 victoria
1530 1373 1586 1415 ad
1616 1387 1685 1415 sa-

83 1454 186 1496 lutis
199 1453 501 1496 certitudinem
514 1452 859 1496 confirmandam.
876 1466 968 1507 cap.
982 1450 1068 1504 vii„
1083 1465 1192 1506 quae
1206 1456 1299 1492 toto
1316 1455 1468 1491 octavo
1481 1446 1622 1503 capite
1636 1452 1681 1489 et

83 1528 370 1582 confirmatur,
389 1535 432 1571 et
452 1528 702 1581 illustratur,
725 1533 769 1570 et
790 1525 1073 1583 amplificatur
1093 1540 1117 1567 a
1138 1521 1486 1567 sanctificationis
1517 1529 1561 1565 et
1591 1536 1682 1564 cer-

83 1603 270 1647 titudine
287 1609 332 1646 et
351 1602 632 1659 plenitudine,
649 1601 721 1643 illa
738 1601 911 1656 quidem
931 1600 1015 1642 iam
1037 1605 1274 1655 praesente,
1292 1597 1371 1640 hac
1387 1612 1489 1640 vero
1504 1596 1681 1638 tandem

84 1678 240 1732 futura,
262 1676 362 1733 quia
385 1677 473 1732 jam
505 1691 582 1732 per
603 1675 814 1732 evangelii
844 1674 1106 1717 auditionem
1139 1673 1304 1729 Spiritu
1327 1671 1489 1715 Christi
1509 1669 1680 1714 vivifico

85 1751 234 1795 donati
254 1767 412 1805 sumus,
430 1750 502 1806 qui
524 1749 665 1806 caepit
684 1750 729 1791 in
745 1749 867 1792 nobis
887 1749 1046 1791 bonum
1064 1763 1170 1804 opus
1186 1747 1284 1800 Dei,
1302 1762 1386 1789 non
1409 1745 1544 1789 solum
1565 1745 1687 1799 fidei,

86 1828 140 1870 de
161 1842 246 1882 qua
260 1825 330 1868 hic
345 1841 432 1868 non
452 1825 607 1882 agitur,
625 1824 700 1867 sed
721 1822 1082 1876 sanctificationis,
1103 1821 1323 1864 liberando
1339 1836 1416 1863 nos
1437 1836 1491 1863 ex
1511 1826 1633 1876 parte
1653 1834 1680 1861 a

84 1902 180 1959 lege
209 1900 377 1958 peccati
407 1906 451 1942 et
481 1898 643 1952 mortis,
675 1906 724 1940 ut
754 1913 807 1940 ne
839 1912 952 1940 nunc
980 1896 1153 1952 quidem
1175 1895 1397 1939 dominent
1426 1894 1472 1936 in
1502 1910 1592 1948 nos,
1614 1900 1681 1936 ta-

85 1975 212 2019 metsi
233 1991 287 2018 ex
305 1981 427 2031 parte
448 1973 670 2016 detineant
691 1972 812 2028 quasi
833 1971 1050 2028 captivos3
1082 1978 1126 2013 et
1147 1970 1262 2027 quod
1283 1986 1389 2026 opus
1410 1969 1563 2026 caepit,
1592 1983 1679 2011 non

86 2058 153 2095 est
171 2049 490 2093 intermissurus
511 2048 646 2091 donec
661 2046 847 2103 idipsum
862 2046 1056 2103 perficiat
1077 2053 1126 2088 ut
1136 2046 1209 2101 jus
1229 2044 1336 2102 legis
1356 2044 1402 2086 in
1421 2043 1544 2087 nobis
1565 2058 1689 2086 com--

84 2125 277 2184 pleatur:
308 2124 427 2180 Ergo
448 2123 493 2164 in
514 2122 668 2178 quibus
683 2122 754 2177 jus
784 2121 891 2178 legis
912 2120 1083 2163 divinae
1103 2120 1279 2163 tandem
1300 2118 1596 2175 complebitur,
1617 2117 1680 2159 illi

83 2199 254 2244 liberati
283 2205 397 2253 sunt,
418 2197 488 2241 vel
508 2196 650 2253 coepti
670 2202 771 2239 sunt
799 2195 970 2238 liberari
999 2210 1025 2237 a
1052 2194 1149 2251 lege
1179 2193 1346 2251 peccati
1376 2200 1420 2236 et
1450 2192 1612 2246 mortis,
1635 2198 1680 2234 et

85 2275 161 2332 qui
178 2269 348 2317 liberati
367 2289 393 2316 a
411 2272 507 2329 lege
537 2270 704 2328 peccati
734 2276 778 2312 et
807 2269 969 2323 mortis,
995 2269 1089 2312 illos
1118 2268 1236 2311 nulla
1255 2274 1401 2310 manet
1421 2267 1690 2310 condemna--

86 2350 148 2393 tio
177 2355 353 2406 propter
371 2353 596 2404 peccatum
625 2343 883 2398 inhabitans,
915 2350 958 2386 et
988 2349 1170 2386 mortem
1199 2342 1300 2385 inde
1329 2347 1690 2397 consequentem.-

85 2423 315 2467 Liberatos
339 2437 365 2465 a
389 2422 485 2478 lege
504 2419 672 2478 peccati
702 2425 746 2462 et
775 2418 924 2461 mortis
945 2419 973 2460 i.
987 2433 1019 2460 e.
1040 2424 1202 2474 coeptos
1231 2416 1402 2459 liberari
1432 2431 1486 2458 ex
1507 2430 1558 2458 eo
1578 2429 1692 2463 con-2

89 2504 189 2552 stat,
225 2496 340 2553 quod
370 2496 605 2539 secundum
636 2493 844 2550 Spiritum
879 2491 1126 2542 ambulant;
1163 2497 1208 2533 et
1237 2489 1339 2547 quia
1367 2489 1589 2533 ambulant
1617 2504 1684 2532 se-

88 2573 276 2617 cundum
307 2569 528 2626 Spiritum,
557 2569 654 2632 ideo
685 2567 841 2612 scimus
872 2582 943 2610 eos
973 2567 1019 2608 in
1047 2565 1220 2609 Christo
1251 2580 1356 2618 esse,
1387 2564 1477 2608 sive
1506 2563 1552 2606 in
1584 2562 1691 2620 Spiff

87 2647 176 2704 ritu
205 2660 311 2700 esse,
333 2645 422 2688 sive
443 2644 676 2686 secundum
698 2643 906 2700 Spiritum
938 2656 1055 2684 esse:
1085 2639 1192 2683 haec
1223 2639 1336 2682 enim
1357 2639 1499 2682 omnia
1529 2639 1692 2689 eodem,

90 2726 287 2779 spectant
303 2720 331 2761 i.
348 2734 380 2762 e.
397 2717 693 2760 communione
709 2717 858 2760 mortis
875 2723 919 2760 et
934 2714 1256 2776 resurrectionis
1271 2713 1434 2757 Christi
1448 2728 1525 2770 per
1541 2712 1615 2770 Sp.
1633 2712 1690 2756 S..

89 2794 346 2854 participata
374 2791 533 2835 mortui
561 2798 737 2847 peccato
757 2791 911 2835 vivunt
935 2789 1144 2847 justitiae,
1176 2795 1306 2845 atque
1335 2788 1398 2830 ita
1429 2786 1691 2843 spirituales,

90 2869 194 2914 facti
213 2867 386 2925 sapiunt
405 2881 515 2923 quae
536 2864 722 2922 Spiritus
749 2872 863 2919 sunt,
885 2872 930 2908 et
949 2864 1170 2908 ambulant
1200 2863 1434 2906 secundum
1456 2859 1678 2917 Spiritum,

789 2940 813 2980 2
836 2951 866 2979 B
888 2940 912 2979 2
