1887 3188
792 216 1013 247 ELENCHI.
1617 201 1701 242 403

102 334 330 393 Evangelii
346 336 647 379 revelationem
664 334 1028 377 communicanda.
1079 334 1227 390 Atque
1243 334 1304 376 ita
1321 334 1543 376 confirmat
1558 332 1699 388 Apos-

102 410 215 453 tolus
246 411 360 466 quod
390 411 443 453 de
474 409 713 465 Evangelio
746 410 799 452 16
836 415 879 450 et
914 410 965 451 17
997 424 1068 450 vv.
1100 408 1260 461 scribit,
1292 408 1491 463 quodque
1521 404 1700 462 proemii

102 485 225 528 initio
246 492 457 540 posuerat,
480 483 766 540 Evangelium
788 483 918 525 fuisse
940 499 964 524 a
985 482 1081 524 Deo
1103 489 1203 524 ante
1224 482 1478 537 promissum
1498 496 1574 536 per
1603 496 1700 536 pro-

99 559 250 614 phetas
271 559 316 600 in
339 559 570 615 Scripturis
593 558 764 601 sanctis.
824 557 1026 600 Viderint
1053 556 1186 612 igitur
1206 556 1268 597 illi
1298 555 1372 611 qui
1401 562 1563 611 negant
1594 554 1700 597 Pro-

97 633 253 688 phetae
266 633 406 676 verbis
423 633 592 690 probari
599 632 814 688 justitiam
832 638 875 674 et
892 631 1073 674 salutem
1086 646 1162 687 per
1176 629 1464 686 Evangelium
1480 629 1695 671 conferre:

99 706 211 750 Cum
233 714 276 750 et
305 708 386 750 hoc
417 715 557 750 totum
578 708 847 764 complexum
878 706 1149 750 contineatur
1177 706 1258 748 hoc
1287 704 1469 759 oraculo,
1492 711 1536 747 et
1556 703 1698 760 Apos-

96 783 210 825 tolus
230 789 460 838 utrumque
483 782 740 839 exposuerit,
763 789 807 825 et
833 782 1064 838 subjungat
1086 780 1417 823 confirmationis
1439 794 1578 833 causa,
1609 794 1697 821 non

98 863 259 900 statum
290 858 565 913 quaestionis,
591 864 640 899 ut
671 857 864 899 nonnulli
894 856 1057 909 volunt,
1079 855 1322 911 Prophetae
1354 854 1507 908 verbis,
1529 860 1579 896 ut
1608 869 1699 896 ma-

91 932 229 988 jorem
251 932 526 975 autoritatem
547 932 702 974 habeat
724 931 871 985 oratio,
895 931 970 973 sed
991 930 1184 973 divinum
1214 929 1506 972 testimonium
1538 929 1697 971 sanctis

97 1007 315 1062 proditum
344 1007 492 1060 literis,
515 1007 636 1062 quasi
667 1022 720 1048 ex
753 1005 1008 1062 syngrapha,
1041 1011 1085 1047 et
1117 1004 1352 1061 obsignatis
1385 1004 1541 1046 tabulis
1569 1018 1697 1060 agere

96 1081 307 1134 videatur,
336 1081 415 1124 hoc
447 1081 560 1123 enim
592 1088 657 1123 est
686 1072 824 1126 καθὼς
848 1072 1108 1136 γέγραπται,
1142 1080 1252 1122 sicut
1273 1079 1478 1135 scriptum
1510 1085 1588 1132 est,
1610 1094 1697 1121 non

98 1155 375 1212 exprimendi,
398 1163 472 1198 aut
495 1155 737 1212 explicandi
764 1163 934 1197 tantum
966 1154 1224 1197 sententiam
1245 1170 1363 1196 suam
1385 1169 1524 1208 causa,
1546 1169 1696 1196 verum

98 1230 227 1273 etiam
248 1230 470 1286 probandi,
493 1231 702 1286 propheta
723 1237 835 1272 teste
867 1230 982 1272 omni
1008 1229 1258 1285 exceptione
1280 1230 1451 1284 majore,
1474 1235 1517 1271 et
1538 1229 1696 1271 tabulis

96 1312 267 1348 sanetae
291 1305 536 1362 Scripturae
557 1305 816 1347 authenticis
836 1304 1128 1357 confirmandi,
1151 1305 1265 1359 quod
1287 1303 1579 1346 testimonium
1599 1319 1697 1360 pro-

94 1380 250 1436 phetae
271 1380 332 1422 ita
352 1387 477 1437 urget
493 1379 741 1436 Apostolus,
759 1386 808 1421 ut
829 1394 915 1421 non
937 1378 1072 1420 solum
1089 1378 1134 1419 in
1149 1378 1229 1421 hac
1245 1378 1454 1434 Epistola,
1473 1379 1548 1420 sed
1565 1378 1696 1420 etiam

94 1455 138 1496 in
161 1470 210 1497 ea
231 1470 339 1511 quae
361 1462 425 1497 est
446 1455 499 1496 ad
524 1454 715 1508 Galatas,
738 1461 782 1497 et
803 1454 858 1496 ad
874 1453 1098 1496 Hebraeos
1112 1460 1244 1509 ponat
1259 1468 1336 1509 pro
1353 1453 1572 1496 doctrinae
1593 1469 1695 1496 suae

95 1536 139 1573 et
151 1529 380 1586 Evangelii
394 1529 690 1572 fundamento:
707 1528 804 1572 Neo
818 1528 985 1582 mirum,
1000 1543 1098 1571 cum
1111 1528 1330 1584 Propheta
1341 1527 1432 1584 ipse
1445 1528 1572 1584 paulo
1584 1528 1695 1571 infra

94 1621 137 1648 v.
160 1607 228 1647 14.
250 1605 440 1648 eiusdem
461 1620 553 1660 cap.
575 1603 618 1646 ii.
650 1604 704 1646 de
724 1603 969 1660 cognitione
990 1602 1150 1659 gloriae
1182 1602 1393 1656 Jehovae,
1427 1609 1471 1645 et
1492 1602 1694 1646 benedic-

94 1679 260 1722 tionum
288 1679 388 1722 inde
419 1678 785 1734 consequentium,
816 1678 952 1720 instar
981 1693 1186 1733 aquarum
1213 1677 1258 1719 in
1285 1677 1405 1731 mari,
1431 1677 1695 1721 abundantia

95 1754 315 1808 vaticinet,
338 1760 382 1796 et
403 1769 443 1796 v.
466 1755 548 1807 20„
569 1752 603 1795 J
606 1752 785 1795 ehovam
805 1752 852 1794 in
871 1752 1032 1808 templo
1053 1751 1294 1794 sanctitatis
1319 1767 1432 1806 suae,
1458 1752 1526 1795 i.e.
1547 1751 1694 1795 Deum

96 1836 263 1887 patrem
283 1829 328 1870 in
350 1827 525 1872 Christo
545 1843 622 1884 per
643 1827 853 1884 Spiritum
873 1826 1210 1870 sanctificantem
1230 1827 1473 1883 praesentia
1501 1843 1578 1870 sua
1607 1827 1694 1871 Ec-

95 1904 268 1948 clesiam
289 1919 408 1946 suam
429 1903 621 1946 collocet.
679 1902 742 1945 Et
771 1917 864 1958 cap.
888 1901 948 1944 iii.
968 1902 1012 1944 in
1034 1901 1181 1945 divina
1199 1901 1272 1944 illa
1302 1917 1390 1956 sua,
1413 1909 1457 1945 et
1477 1902 1694 1959 incompa-

94 1978 219 2021 rabili
233 1977 410 2035 tephffla
423 1968 501 2017 καὶ
522 1969 660 2030 δεῇσει,
675 1983 724 2019 ut
736 1976 927 2032 loquitur
940 1976 1146 2031 Jacobus,
1164 1968 1433 2033 ἒνεξνγουμιὲνῃ,
1458 1993 1498 2020 v.
1517 1979 1584 2021 17.
1599 1977 1692 2034 glo-

94 2053 231 2097 rietur
259 2052 513 2110 gloriatione
533 2052 635 2095 fidei
663 2051 953 2108 Evangelicae
985 2058 1161 2108 propter
1184 2052 1399 2108 justitiam
1435 2059 1480 2096 et
1509 2052 1692 2095 salutem

94 2123 402 2185 Evangelicam
423 2126 564 2170 verbis
584 2126 710 2182 plane
729 2125 1017 2183 Evangelicis,
1039 2125 1123 2168 sibi
1143 2126 1285 2170 verbis
1305 2127 1590 2185 singularibus
1607 2128 1693 2171 Dei

93 2202 276 2260 gratiam
298 2208 342 2245 et
362 2216 511 2258 pacem
530 2201 575 2243 in
598 2200 772 2244 Christo
791 2200 1100 2257 Evangelicam
1119 2202 1351 2258 applicans.
1401 2201 1548 2246 Verba
1574 2209 1689 2257 sunt,

94 2276 322 2334 “quamvis
333 2276 439 2319 fieus
455 2291 541 2319 non
555 2274 848 2330 effloresceret,
866 2282 910 2318 et
924 2275 1066 2318 nullus
1083 2282 1195 2319 esset
1207 2283 1440 2333 proventus
1453 2277 1499 2319 in
1514 2276 1689 2332 vitibus,

93 2351 348 2394 mentiretur
371 2366 478 2408 opus
511 2350 660 2405 olivae,
683 2357 728 2392 et
757 2365 956 2407 agrorum
985 2350 1127 2393 nullus
1157 2351 1306 2394 ederet
1337 2350 1493 2406 cibum,
1523 2351 1690 2395 abscin-

96 2427 218 2470 deret
237 2425 373 2468 hostis
393 2425 447 2468 ab
469 2425 571 2469 ovili
591 2440 780 2482 gregem,
803 2431 847 2468 et
874 2424 1038 2467 nullum
1059 2431 1172 2468 esset
1192 2431 1432 2468 armentum
1461 2425 1508 2468 in
1536 2425 1691 2469 bubili-

95 2501 189 2555 bus,
209 2500 308 2557 Ego
327 2506 472 2543 tamen
491 2500 536 2542 in
555 2500 728 2543 Jehova
748 2499 963 2554 exultabo,
983 2499 1165 2556 gestiam
1185 2498 1230 2541 in
1249 2499 1347 2543 Deo
1371 2500 1520 2544 salutis
1539 2516 1660 2544 meae
1676 2517 1688 2552 3

95 2576 130 2620 J
132 2575 269 2619 ehova
280 2573 493 2617 Dominus
504 2574 633 2618 robur
647 2589 804 2629 meum,
819 2590 889 2618 vv.
907 2574 1075 2618 17-19.'’
1126 2573 1257 2617 Unde
1270 2574 1443 2618 videtur
1453 2574 1690 2632 Apostolus

96 2650 309 2707 triplicem
324 2648 426 2691 fidei
440 2648 750 2705 gloriationem,
774 2651 814 2692 1.
835 2648 915 2692 sub
935 2663 1010 2705 spe
1025 2648 1185 2706 gloriae
1205 2648 1304 2703 Dei,
1325 2651 1366 2692 2.
1387 2649 1433 2692 in
1452 2650 1692 2694 afflictioni-

95 2725 191 2779 bus,
222 2726 263 2767 3.
292 2723 338 2765 in
367 2723 466 2766 Deo
493 2738 570 2779 per
598 2723 657 2766 D.
685 2723 720 2767 J
722 2739 854 2778 esum,
885 2723 1037 2780 quinto
1066 2723 1207 2780 capite
1236 2724 1536 2781 desumpsisse.
1593 2724 1690 2769 Nec

17 2807 19 2810 ⁴
95 2799 267 2844 aliunde
287 2797 428 2854 aptius
448 2797 620 2840 videtur
638 2804 810 2854 sumpta
828 2798 901 2841 illa
919 2798 1156 2854 injustitiae
1176 2798 1386 2843 humanae
1415 2790 1686 2847 διατύπωσις,

97 2889 206 2932 quae
227 2878 293 2916 est
313 2887 339 2914 a
358 2887 400 2914 v.
423 2859 490 2916 18.
511 2886 604 2928 cap.
627 2872 666 2914 1.
696 2871 750 2914 ad
780 2871 908 2914 finem
937 2888 1087 2928 usque,
1121 2888 1249 2929 quam
1282 2889 1336 2916 ex
1366 2875 1407 2916 2.
1439 2889 1531 2930 cap.
1564 2873 1691 2917 huius

801 2947 826 2988 2
849 2957 876 2988 o
899 2948 924 2988 2
