1887 3188
209 203 292 243 444
869 217 1253 260 COMMENTARms,

208 334 298 376 veri
320 334 416 388 Dei,
440 334 613 391 verique
641 335 823 379 hominis
853 338 1040 393 perfecte
1067 338 1215 391 sancti,
1248 345 1292 380 et
1322 337 1508 394 perfecte
1533 336 1653 392 justi,
1675 337 1796 392 cujus

207 409 359 451 merito
395 425 627 466 purgamur
656 426 681 453 a
710 412 895 466 peccatis
926 413 1093 465 nostris,
1127 419 1170 454 et
1199 412 1278 454 hac
1308 412 1496 468 gratuita
1525 418 1797 467 peccatorum

205 483 450 526 remissione
468 500 608 526 coram
625 485 720 527 Deo
736 486 1031 540 justificamur,
1049 487 1077 527 i.
1092 502 1127 527 e.
1145 486 1267 541 plene
1290 486 1559 539 absolvimur,
1581 486 1668 528 acsi
1688 501 1797 527 nun-

207 573 333 612 quam
347 573 653 613 peccassemus.
695 559 859 601 Verum
875 560 1040 601 accedit.
1058 560 1171 601 aliud
1190 560 1438 602 beneficium
1453 576 1548 602 cum
1562 560 1642 602 hoc
1655 559 1796 615 priore

206 632 482 687 conjunctum
509 639 713 687 tempore,
743 634 818 674 sed
845 633 1008 675 ratione
1043 634 1384 690 disjungendum,
1411 635 1610 676 nimirum
1638 634 1794 677 saneti-

205 706 360 759 ficatio,
383 723 490 761 quae
512 707 671 762 pendet
692 722 717 747 a
739 706 901 748 Christi
921 707 1229 749 resurrect-ione
1247 714 1290 749 et
1307 708 1396 750 vita
1411 708 1615 762 rediviva,
1632 724 1717 763 qua
1728 708 1794 762 fit,

205 788 255 823 ut
276 797 352 823 nos
374 796 542 836 quoque
559 780 603 821 in
619 795 772 822 novam
796 781 928 823 vitam
944 797 1226 837 resurgamus,
1249 782 1301 824 de
1324 797 1408 836 qua
1428 782 1650 837 posterius,
1668 779 1802 824 Rom.⁴

204 871 246 896 x.
299 857 324 879 “
340 855 479 897 Corde
496 856 684 897 creditur
701 856 753 896 ad
770 855 998 909 justitiam,
1014 871 1084 897 ore
1101 855 1150 897 fit
1164 855 1371 898 confessio
1388 857 1442 897 ad
1464 856 1643 898 salutem
1658 858 1693 898 :⁹⁹
1708 856 1792 898 oris

205 929 412 972 confessio
426 945 501 984 pro
516 929 864 972 sanctificatione.
910 929 1058 984 Atque
1066 930 1169 972 haec
1179 937 1278 972 sunt
1288 930 1673 984 duoillabeneficia,
1683 946 1792 986 quae

203 1004 444 1060 percipiunt
460 1005 682 1046 credentes
696 1004 739 1044 in
755 1019 863 1056 eum,
879 1004 951 1058 qui
969 1004 1173 1046 excitavit
1187 1004 1331 1046 Iesum
1348 1005 1581 1046 Dominum
1597 1013 1791 1047 nostrum

203 1094 229 1121 a
249 1079 439 1132 mortuis,
466 1078 540 1133 qui
570 1078 752 1120 traditus
774 1078 855 1120 fuit
876 1094 1029 1134 proper
1049 1086 1224 1134 peccata
1251 1086 1407 1131 nostra,
1431 1086 1474 1121 et
1496 1079 1706 1121 excitatus
1727 1086 1794 1122 est

202 1160 377 1209 propter
400 1152 750 1207 justificationem
781 1159 983 1194 nostram.
1043 1152 1257 1194 Fortassis
1282 1152 1600 1207 justificationis
1621 1153 1792 1196 nomine

200 1227 458 1283 Apostolum
480 1243 530 1269 eo
550 1227 642 1269 loco
664 1226 1042 1269 sanctificationem
1063 1226 1277 1283 intelligit,
1300 1227 1492 1282 quamvis
1513 1227 1585 1269 alii
1615 1227 1793 1270 efficaci-

201 1317 282 1355 am,
305 1317 388 1357 qua
409 1302 646 1357 applicatur
668 1301 865 1343 meritum
886 1301 1034 1343 mortis
1058 1301 1220 1344 Christi
1246 1301 1368 1343 nobis
1389 1302 1443 1343 ad
1465 1302 1674 1358 expianda
1693 1318 1792 1359 pec-

199 1384 308 1430 cata,
340 1383 384 1418 et
413 1392 490 1417 nos
515 1375 824 1430 justificandos,
850 1375 923 1417 i.e.
945 1391 969 1416 a
989 1383 1165 1430 peccato
1196 1375 1488 1430 absolvendos,
1520 1377 1589 1419 vel
1621 1377 1689 1432 (ut
1719 1377 1792 1420 alii

197 1450 368 1505 volunt)
391 1450 446 1492 ad
475 1449 770 1505 imputandam
800 1449 922 1491 nobis
952 1450 1132 1505 legalem
1156 1449 1330 1503 Christi,
1354 1457 1398 1492 et
1419 1451 1604 1493 activam
1634 1452 1676 1492 in
1699 1452 1789 1494 vita.

191 1524 420 1579 justitiam,
438 1539 546 1579 quae
567 1530 711 1565 tamen
732 1531 912 1565 mortem
929 1523 1170 1576 antecessit,
1193 1539 1277 1578 qua
1298 1531 1433 1566 morte
1455 1540 1559 1580 opus
1581 1540 1665 1567 non
1687 1525 1790 1567 fuis-

197 1605 275 1651 set,
293 1598 329 1640 si
350 1599 606 1654 praecedens
627 1597 741 1639 vitae
764 1597 1007 1639 obedientia
1027 1598 1081 1638 ad
1096 1598 1309 1652 justitiam
1331 1598 1626 1654 imputaretur,
1647 1615 1788 1655 neque

195 1672 516 1715 resurrectionis
547 1671 800 1714 beneficium
830 1671 915 1713 dici
944 1671 1092 1727 possit,
1124 1687 1208 1727 qua
1230 1671 1428 1715 Christus
1458 1673 1674 1716 redivivus
1701 1689 1788 1717 non

195 1748 375 1803 amplius
388 1747 579 1800 moritur,
595 1747 670 1788 secl
686 1746 793 1788 vivit
806 1746 916 1788 Deo.
962 1746 1252 1788 Excutiantur
1265 1747 1394 1788 verba
1408 1747 1574 1803 singula
1587 1763 1786 1804 operosae

192 1823 304 1865 illius
326 1821 622 1877 descript-ionis
637 1820 737 1863 fidei
757 1820 1082 1874 Abrahamicae,
1099 1820 1219 1875 cujus
1234 1821 1447 1875 objectum
1469 1837 1555 1864 non
1575 1822 1711 1864 solum
1732 1837 1786 1865 ex

191 1897 469 1953 promissione
500 1895 584 1937 Dei
604 1895 904 1947 misericordia,
927 1895 1002 1937 sed
1033 1895 1160 1937 etiam
1185 1895 1392 1950 potentia,
1424 1911 1552 1951 quam
1572 1904 1621 1939 ut
1650 1896 1787 1953 impo-

192 1972 354 2033 tentiae
374 1978 564 2024 naturae,
587 1970 646 2012 sic
669 1969 863 2012 omnibus
884 1969 1200 2025 impedimentis
1217 1969 1427 2025 opposuit,
1445 1970 1551 2013 adeo
1566 1977 1616 2013 ut
1636 1977 1786 2014 eontra

191 2061 323 2102 spem,
339 2045 414 2087 ubi
435 2045 550 2086 nulla
571 2052 682 2086 esset
702 2043 961 2097 humanitus,
979 2050 1053 2085 aut
1069 2059 1145 2099 per
1159 2050 1356 2086 naturam
1377 2044 1574 2100 sperandi
1593 2045 1783 2099 materia,

190 2120 269 2164 sub
290 2136 365 2176 spe
385 2127 529 2162 tamen
550 2120 767 2168 crederet3
799 2119 905 2160 adeo
935 2124 986 2160 ut
1014 2134 1154 2173 neque
1175 2119 1360 2174 corporis
1382 2118 1538 2173 effoeti,
1561 2125 1605 2162 et
1624 2119 1781 2174 uxoris,

189 2202 234 2239 et
255 2195 321 2237 sui
341 2193 699 2249 contemplatione
719 2193 826 2234 fides
846 2192 978 2248 ipsius
1000 2198 1075 2234 aut
1104 2192 1401 2246 infirmaretur,
1423 2200 1498 2235 aut
1518 2207 1614 2248 spes
1633 2192 1784 2235 infrin-

187 2277 362 2327 geretur
374 2269 449 2311 sed
466 2284 489 2310 e
502 2268 727 2321 contrario,
747 2267 815 2323 (ut
827 2266 1019 2323 pluribus
1034 2266 1218 2322 explicat
1235 2266 1469 2322 Apostolus
1483 2282 1507 2308 a
1523 2281 1607 2322 quo
1623 2267 1781 2310 dicitur

188 2333 512 2400 πληροφορηθεὶς,
534 2342 659 2398 plene
679 2356 904 2397 persuasus
925 2347 1044 2382 certa
1062 2340 1253 2395 fiducia),
1275 2355 1444 2382 cursum
1468 2339 1570 2382 fidei
1598 2346 1779 2394 teneret,

186 2433 272 2460 non
293 2433 414 2460 secus
445 2432 494 2459 ac
524 2417 710 2459 secundo
732 2422 861 2457 vento
891 2413 1026 2470 plenis
1047 2414 1152 2456 velis
1173 2413 1354 2469 impulsa
1383 2413 1503 2455 navis
1527 2413 1629 2456 ferri
1656 2415 1778 2458 solet.

186 2491 318 2544 Quod
338 2491 530 2546 sequitur
551 2484 572 2529 ὁ
594 2483 875 2542 ἐπήγγελται,
899 2496 1075 2532 vertunt
1095 2504 1254 2542 omnes,
1276 2489 1347 2544 qui
1361 2490 1580 2544 promisit‚·
1607 2489 1778 2551 videtur

183 2565 439 2608 vertendum
468 2565 624 2620 potius,
647 2566 754 2620 quod
768 2565 1011 2620 promissum
1030 2563 1188 2620 fuerat.
1238 2562 1322 2605 Est
1352 2563 1464 2605 enim
1486 2563 1662 2606 verbum
1682 2578 1779 2620 pas-

184 2639 337 2693 sivum,
357 2653 499 2694 neque
519 2638 722 2680 articulus
743 2637 966 2680 masculini
995 2636 1162 2692 generis
1187 2637 1498 2692 praepositivus
1527 2653 1624 2680 cum
1645 2637 1776 2682 verbo

175 2714 444 2770 jungeretur,
466 2719 511 2756 et
530 2712 800 2755 scribendum
829 2711 980 2754 fuisset
1000 2701 1043 2756 ὅς
1065 2702 1365 2764 {anonymam
1388 2713 1457 2766 21,
1479 2727 1520 2754 v.
1580 2711 1776 2761 Observa.

180 2787 262 2830 hoc
282 2793 435 2843 quarto
455 2786 595 2843 capite
616 2785 816 2828 undecies
838 2785 1013 2827 verbum
1033 2777 1256 2840 λογίζεται
1272 2801 1349 2842 pro
1365 2785 1576 2841 imputata
1587 2785 1772 2840 justitia,

181 2868 330 2905 contra
345 2861 582 2918 sophistas,
599 2875 692 2904 eam
705 2875 792 2903 non
807 2860 947 2903 minus
962 2859 1104 2915 impie,
1121 2875 1250 2916 quam
1264 2860 1538 2917 impudenter
1551 2865 1771 2917 negantes.

1853 2923 1887 3188 mn-.r
