1887 3188
202 182 286 225 440
831 193 1214 235 COMMENTARms,

203 322 247 357 et
268 330 395 357 causa
425 314 575 369 omnis,
602 315 718 358 unde
748 322 792 358 et
821 315 906 358 Dei
930 315 1101 371 justitia
1131 322 1196 359 est
1225 315 1354 359 toties
1384 316 1609 372 appellata.
1668 316 1794 359 Fidei

197 389 411 445 justitiam
429 405 533 443 esse,
556 392 609 433 28
632 406 672 432 v.
696 391 928 440 conclusit3
950 406 1076 444 nunc,
1099 392 1214 446 quod
1229 391 1405 433 tertium
1427 398 1504 444 est,
1527 406 1793 433 communem

201 464 384 507 Judaeis
407 472 450 507 et
474 464 688 508 Gentibus
711 482 803 507 eam
825 467 1088 508 demonstrat
1101 483 1112 516 3
1143 467 1236 509 illos
1257 458 1487 522 πεξιτομιῆν,
1510 466 1586 508 has
1607 458 1792 521 ἀκροβυ-

204 530 326 577 στίαν
347 539 632 595 metonymice
646 555 762 582 more
784 556 859 582 suo
876 541 1104 595 appellans,
1121 556 1163 582 v.
1180 543 1249 583 29.
1298 541 1422 582 Prior
1437 540 1544 582 ratio
1567 547 1631 582 est
1652 556 1678 582 a
1697 540 1796 582 sub-

195 614 313 668 jecto
335 620 505 668 sumpta
525 629 622 655 cum
643 620 793 655 mutua
809 613 1045 655 affcctione.
1104 613 1225 655 Deus
1242 620 1306 655 est
1323 620 1410 655 tam
1428 613 1650 666 Gentium,
1667 628 1796 668 quam

201 687 235 729 J
237 687 469 728 udaeorum
489 686 622 739 Deus,
646 702 746 742 ergo
767 687 867 728 fidei
881 687 1133 741 justificatio
1161 687 1395 729 communis
1417 695 1482 729 est
1505 687 1719 730 Gentibus
1751 694 1795 730 et

201 761 235 803 J
238 761 397 802 udaeis.
455 760 609 802 Altera
631 761 753 814 ratio,
783 763 838 803 30
869 777 924 814 v.,
956 768 1125 817 sumpta
1155 761 1208 803 ab
1237 761 1404 803 unitate
1435 761 1532 814 Dei,
1561 762 1681 816 cujus
1711 777 1797 803 una

203 834 596 890 simplicissimaque
614 835 810 888 essentia,
828 836 1038 889 voluntas,
1056 844 1185 891 atque
1200 836 1383 890 justitia,
1401 851 1509 891 quae
1533 836 1601 891 (ut
1621 836 1730 892 dixi)
1752 836 1798 877 in

202 909 298 951 Deo
314 924 447 950 unum
465 916 563 950 sunt
580 924 677 951 cum
694 909 786 964 ipso
802 909 912 963 Deo,
929 894 1014 952 non
1032 910 1193 965 patitur
1208 910 1289 952 alio
1305 910 1338 952 J
1341 911 1510 963 udaeos,
1532 910 1614 952 alio
1632 909 1798 953 Gentes

204 984 330 1025 modo
341 983 587 1038 justificari:
609 983 773 1025 Verum
786 990 835 1025 ut
848 1000 958 1026 unus
973 992 1037 1026 est
1052 984 1237 1040 Spiritus
1256 984 1438 1027 Sanctus
1451 1000 1561 1026 unus
1574 984 1798 1038 Dominus,

204 1074 315 1100 unus
337 1058 470 1110 Deus,
493 1058 554 1099 ita
576 1065 641 1099 θεῖ
661 1074 747 1099 una
766 1059 885 1112 fides,
908 1074 1017 1114 quae
1037 1075 1170 1100 unum
1193 1058 1412 1101 Christum
1430 1059 1661 1101 Dominum
1678 1059 1800 1101 nobis

204 1133 389 1188 applicat
410 1132 453 1173 in
469 1132 684 1186 justitiam
703 1149 713 1173 ε
744 1133 826 1175 hoc
848 1134 957 1174 enim
977 1134 1056 1175 sibi
1072 1134 1166 1175 vult
1183 1133 1385 1175 articulus
1401 1133 1444 1174 in
1461 1134 1594 1175 altero
1610 1133 1801 1176 membro

203 1207 376 1249 additus
399 1207 451 1248 de
475 1206 703 1259 Gentibus,
727 1207 800 1262 qui
820 1208 950 1263 priori
971 1209 1160 1250 membro
1183 1209 1236 1250 de
1256 1208 1290 1249 J
1292 1208 1437 1250 udaeis
1468 1208 1686 1263 appositus
1715 1223 1802 1250 non

204 1281 315 1323 fuit:
348 1281 434 1323 vim
457 1281 570 1323 enim
591 1282 720 1324 habet
742 1273 1002 1338 ἀναφοξικῆν,
1026 1298 1110 1337 qua
1130 1282 1395 1338 significatur
1420 1282 1513 1335 hac,
1544 1281 1615 1323 illa
1637 1282 1806 1323 eadem-

205 1372 287 1411 que
308 1356 406 1406 fide,
425 1371 510 1410 qua
528 1356 703 1409 Judaei,
727 1357 853 1398 etiam
873 1357 1039 1399 Gentes
1054 1356 1280 1410 justificari
1299 1373 1308 1397 :
1330 1356 1422 1398 Ubi
1436 1362 1540 1398 nota
1560 1348 1607 1394 ἐκ
1627 1346 1803 1399 πὶστεως

208 1437 252 1473 θῖ
278 1421 348 1468 διὀὶ
362 1422 551 1478 πίστεως,
577 1438 620 1472 et
641 1423 778 1470 πίστει
797 1423 1068 1470 δικαιοῦσθαι
1085 1448 1255 1487 prorsus
1270 1433 1384 1474 idem
1401 1448 1504 1485 esse,
1522 1431 1675 1487 quibus
1691 1431 1807 1473 locu-

206 1505 394 1546 tionibus
417 1505 692 1560 significatur,
715 1505 844 1547 fidem
866 1521 957 1548 esse
979 1507 1167 1548 divinam
1187 1507 1302 1548 illam
1327 1522 1512 1558 manum,
1543 1521 1652 1561 quae
1677 1505 1805 1560 justi-

204 1578 309 1621 tiam
330 1586 519 1621 nostram
539 1579 807 1634 prehendens
835 1580 957 1622 nobis
979 1596 1070 1622 eam
1093 1580 1271 1623 confert.
1332 1580 1533 1623 Stabilita
1562 1580 1660 1634 Dei,
1692 1594 1802 1635 quae

206 1661 250 1695 et
270 1653 384 1707 fidei,
407 1660 450 1695 et
467 1654 702 1695 communis
719 1654 970 1709 promiscue,
982 1655 1165 1709 justitia,
1183 1655 1366 1697 occurrit
1384 1654 1613 1709 objectioni
1628 1654 1803 1696 obortae

207 1744 259 1770 ex
293 1728 483 1784 generali
517 1728 801 1781 conclusione,
838 1735 882 1770 et
912 1729 1083 1771 nomine
1117 1729 1224 1785 legis
1256 1729 1422 1784 saepius
1452 1728 1674 1784 repetitae,
1706 1735 1750 1770 θῖ
1779 1743 1806 1770 a

199 1802 371 1857 justitia
392 1802 601 1844 exclusae.
663 1802 711 1845 Si
735 1803 1022 1857 justificamur
1050 1803 1135 1845 fide
1157 1803 1247 1845 sine
1267 1803 1374 1859 legis
1395 1803 1605 1859 operibus,
1636 1802 1808 1845 videtur

205 1877 312 1919 fides
333 1877 453 1933 quasi
476 1892 677 1919 enervare
696 1877 849 1933 legem,
868 1878 1042 1933 ejusque
1066 1877 1152 1919 vim
1172 1877 1431 1920 inefficacem
1453 1884 1496 1919 et
1517 1877 1695 1919 otiosam
1711 1876 1809 1919 red-

207 1953 335 1996 dere:
365 1953 447 1996 hoc
473 1953 585 1996 enim
616 1960 680 1995 est
711 1947 924 2008 καταξνὲιν
955 1959 1084 2008 atque
1114 1951 1176 1993 ita
1201 1952 1340 2007 legem
1370 1967 1540 2007 prorsus
1571 1950 1817 2006 antiquare..

209 2028 336 2070 Hanc
358 2028 639 2083 objectionem
661 2028 774 2070 tollit
796 2027 1030 2069 aversando
1052 2042 1144 2069 eam
1166 2033 1368 2081 tanquam
1391 2025 1616 2067 absurdam
1633 2031 1676 2067 et
1696 2023 1807 2066 blas-

208 2102 419 2159 phemam,
451 2102 796 2157 contrariumque
830 2101 932 2144 fidei
963 2101 1163 2144 effectum
1196 2100 1510 2151 substituendo,
1541 2099 1693 2155 legem,
1721 2097 1804 2140 viz,

209 2175 402 2230 stabiliri,
419 2176 486 2218 i.e.
504 2175 678 2219 Christo
694 2176 932 2218 doctrinam
946 2175 1056 2218 hanc
1073 2175 1348 2230 apostolicam
1368 2174 1422 2215 de
1443 2172 1689 2229 evangelica
1703 2171 1805 2214 fidei

203 2250 375 2307 justitia
395 2250 632 2293 doctrinam
651 2250 759 2307 legis
790 2257 834 2294 θῖ
864 2250 952 2293 vim
981 2264 1231 2306 promovere
1259 2248 1395 2305 magis
1425 2254 1470 2290 et
1499 2247 1723 2301 illustrare,
1753 2251 1805 2290 ut

210 2332 360 2383 postea
381 2332 447 2369 θεῖ
467 2325 646 2369 dictum.

727 2549 1043 2604 QUARTUM
1073 2547 1295 2593 CAPUT.

211 2701 365 2744 Altera
399 2700 595 2756 objectio,
631 2715 757 2756 quam
788 2699 1098 2756 praevertendo
1126 2697 1227 2740 fidei
1250 2696 1464 2752 justitiam
1494 2695 1690 2739 omnibus
1719 2709 1806 2738 ser-

211 2775 363 2818 vandis
378 2790 647 2818 communem
662 2774 898 2816 Abrahami
913 2773 1107 2829 exemplo
1128 2772 1364 2814 confirmat.
1415 2771 1486 2815 Sic
1502 2786 1604 2828 ergo
1620 2770 1802 2824 disserit,

211 2849 423 2905 quomodo
437 2849 699 2905 justificatus
719 2847 939 2890 Abraham
959 2847 1055 2901 fuit,
1081 2847 1229 2890 eodem
1252 2861 1397 2889 omnes
1427 2845 1624 2889 servandi
1646 2843 1804 2900 justifi-
