1887 3188
755 216 860 246 CAP.
885 217 934 245 11.
960 205 1074 246 1-13.
1627 204 1710 246 425

119 337 164 378 in
195 337 337 380 Deum
368 335 707 388 contumeliosos,
739 335 1042 388 contentiosos,
1074 335 1195 390 quasi
1226 351 1279 377 ex
1310 335 1584 378 contentione
1615 351 1715 377 con-

120 411 257 464 flatos,
279 410 348 452 vel
368 410 533 451 illarum
554 409 739 465 partium
762 416 806 451 et
826 409 1035 462 factionis,
1058 425 1167 464 quae
1191 409 1312 451 litem
1333 410 1429 452 Deo
1449 410 1648 463 intendit,
1673 417 1716 452 et

121 485 364 528 refractarie
399 484 567 526 rebellis
603 484 684 526 sibi
713 484 929 539 justitiam
962 484 1158 540 propriae
1191 483 1363 526 virtutis
1396 483 1500 525 falso
1533 491 1716 540 arrogat³

123 559 287 603 Contra
306 574 408 601 vero
428 559 574 611 bonos,
597 574 777 613 quorum
800 558 1013 601 neminem
1033 565 1177 614 preter
1197 573 1328 599 unum
1353 557 1573 600 Christum
1601 558 1720 600 inve-

118 635 223 688 nias,
256 641 381 677 vocat
410 625 508 679 ‘mog
523 625 616 672 καθ’
645 625 864 689 ὖπομονῆν,
897 634 925 676 i.
948 650 984 676 e.
1009 634 1222 690 patientes
1249 632 1514 687 injuriarum,
1548 639 1591 674 et
1621 647 1722 674 con-

120 717 285 752 stantes
315 710 360 751 in
390 709 515 751 bono.
574 709 790 751 Insertum
811 725 851 751 v.
876 713 913 762 7,
945 709 1051 750 illud
1081 700 1198 764 ἔργον
1224 700 1411 759 ἀγαθοῦ,
1450 713 1592 747 utrum
1624 720 1722 747 cum

120 783 394 840 praecedenti
424 775 644 839 ὑπομονὴν,
683 799 737 824 an
768 799 865 825 cum
897 783 1183 837 subsequente
1215 781 1452 833 cohaereat,
1483 779 1526 820 h.
1559 794 1594 821 e.
1626 794 1724 821 cum

125 858 318 914 subjecta
350 874 557 914 persona3
591 873 644 900 an
667 857 875 900 attributo
905 857 1120 913 praemi03
1154 856 1207 898 ad
1238 871 1325 897 rem
1349 869 1449 897 vero
1481 860 1525 896 et
1556 860 1727 895 senten-

127 933 234 976 tiam
266 948 352 975 non
375 933 545 974 videtur
565 933 747 973 multum
778 932 997 974 interesse.
1059 930 1342 974 Observanda
1362 944 1385 971 e
1405 937 1509 970 nota
1538 928 1727 970 universi

127 1007 309 1064 generis,
332 1023 368 1049 e.
386 1023 426 1063 g.
450 998 519 1046 ἐπὶ
542 1000 685 1045 πᾶσαν
709 998 872 1059 ψυχὴν,
907 1006 982 1048 ubi
1004 1021 1202 1061 expressa
1222 1004 1405 1046 habetur
1425 1002 1638 1045 sententia
1660 1002 1729 1057 (ut

127 1082 238 1136 dixi)
259 1097 404 1138 propo.
426 1082 547 1137 syllo.
569 1082 777 1138 generalis
799 1082 1119 1124 accommodata
1137 1087 1226 1122 tam
1238 1079 1271 1121 J
1275 1079 1420 1121 udaeis
1441 1093 1568 1133 quam
1588 1076 1728 1133 genti-

130 1157 224 1209 bus,
245 1156 272 1198 i.
288 1172 324 1198 e.
356 1156 551 1198 omnibus
572 1156 827 1210 hominibus,
850 1162 894 1198 et
916 1171 969 1198 ex
989 1161 1277 1210 consequente
1307 1153 1635 1209 intelligendum
1656 1167 1730 1193 an-

130 1232 344 1284 tecedens,
362 1238 411 1273 ut
429 1247 482 1273 ex
497 1231 559 1272 ira
580 1238 623 1273 et
640 1231 994 1273 excandescentia
1014 1229 1313 1273 condemnatio
1331 1235 1374 1271 et
1390 1227 1657 1284 supplicium,
1676 1241 1730 1269 ex

132 1306 405 1362 oppressione
423 1312 465 1348 et
483 1306 692 1362 angustia,
710 1321 795 1347 non
812 1306 948 1348 solum
964 1304 1253 1360 metaphorice
1275 1310 1513 1346 extremum
1529 1302 1729 1358 quodque

133 1380 325 1433 exitium,
343 1381 418 1422 sed
435 1380 577 1432 etiam,
596 1380 858 1436 metonymia
874 1379 1029 1433 effecti,
1046 1379 1139 1435 ipsa
1154 1377 1467 1421 condemnatio·
1526 1377 1650 1419 Idem
1665 1383 1731 1419 est

134 1470 236 1511 ergo
271 1455 412 1510 quoad
445 1470 628 1508 sensum,
665 1454 882 1510 oppressio
918 1461 963 1496 et
998 1453 1198 1511 angustia
1228 1452 1450 1495 incumbet
1483 1451 1529 1493 in
1562 1467 1731 1494 omnem

133 1529 317 1571 animam
338 1529 522 1571 hominis
541 1529 829 1585 perpetrantis
849 1529 1021 1583 malum,
1040 1535 1170 1584 atque
1191 1528 1333 1570 nullus
1354 1527 1538 1582 injustus
1560 1542 1614 1569 ex
1635 1541 1735 1582 ope-

133 1604 252 1646 ribus
282 1619 424 1646 coram
444 1603 540 1646 Deo
565 1603 885 1658 justificabitur.
946 1603 1074 1645 Hanc
1102 1602 1361 1645 sententiam
1390 1601 1632 1658 generalem
1652 1601 1686 1643 J
1690 1616 1736 1642 u-

136 1678 253 1722 daeis
274 1685 319 1721 et
341 1678 556 1721 Gentibus
578 1678 834 1735 applicatam
853 1678 1039 1720 illustrat
1067 1677 1283 1730 antithesi,
1309 1675 1491 1718 Judaeis
1512 1675 1672 1731 pariter
1692 1681 1737 1717 et

140 1753 357 1797 Gentibus
378 1753 604 1809 applicata.
665 1752 800 1808 Cujus
822 1752 1036 1795 sententia
1060 1758 1138 1806 est,
1170 1751 1278 1794 bene
1301 1757 1344 1793 et
1364 1751 1490 1793 beate
1512 1750 1594 1792 erit
1613 1749 1736 1792 bonis

140 1827 337 1871 omnibus
358 1827 447 1870 sive
468 1827 501 1869 J
504 1827 650 1869 udaeis
672 1827 762 1869 sive
779 1826 1009 1881 Gentibus,
1031 1841 1159 1882 quam
1182 1825 1492 1869 beatitudinem
1513 1824 1672 1882 gloriae
1693 1831 1738 1868 et

140 1902 312 1945 honoris
346 1909 390 1944 et
421 1901 539 1958 pacis
573 1901 816 1944 nominibus
849 1901 1063 1958 explanat,
1099 1907 1229 1956 atque
1269 1901 1350 1943 hoc
1389 1900 1504 1943 idem
1545 1906 1611 1943 est
1651 1899 1739 1942 acsi

140 1977 316 2030 diceret,
348 1975 484 2018 omnis
505 1976 692 2032 perfecte
717 1976 861 2031 justus
892 1982 968 2018 aut
998 1975 1134 2018 bonus
1164 1991 1306 2018 coram
1327 1975 1424 2018 Deo
1455 1991 1510 2018 ex
1539 1974 1738 2031 operibus

137 2050 473 2107 justificabitur3
508 2051 676 2106 justum
711 2066 813 2094 vero
847 2057 978 2107 atque
1011 2051 1220 2106 injustum
1254 2050 1300 2092 in
1334 2051 1414 2094 hac
1450 2050 1741 2106 disputatione

143 2125 347 2169 describit
368 2125 421 2167 ab
438 2124 601 2168 effectis
622 2140 797 2182 operum
813 2125 1020 2168 bonorum
1041 2132 1116 2168 aut
1131 2125 1352 2168 malorum.
1414 2125 1599 2181 Subjicit
1615 2140 1656 2167 v.
1673 2125 1740 2178 11,

143 2200 353 2242 rationem
374 2215 399 2242 a
418 2206 573 2242 natura
592 2200 678 2242 Dei
708 2215 871 2243 summe
894 2201 1026 2255 justa,
1058 2201 1170 2256 apud
1193 2215 1321 2256 quem
1341 2200 1458 2242 nulla
1487 2206 1553 2242 est
1583 2209 1738 2255 προσω-

142 2266 361 2327 ποληψιά,
394 2275 446 2316 12
478 2290 519 2316 v.
592 2274 791 2330 Occupat
821 2265 943 2314 κατ-οὶ
978 2266 1189 2331 πξὸληψιν
1228 2274 1341 2330 quod
1378 2289 1404 2316 a
1440 2272 1656 2316 Gentibus
1697 2278 1742 2314 et

146 2349 180 2392 J
183 2349 329 2392 udaeis
350 2348 478 2404 objici
498 2349 653 2405 potuit,
684 2352 836 2406 gentes
856 2349 963 2406 legis
983 2348 1199 2391 Mosaicae
1226 2347 1550 2404 ignorationem,
1581 2346 1615 2389 J
1617 2346 1745 2389 udaei

146 2438 249 2466 vero
289 2423 479 2479 eiusdem
519 2423 808 2479 cognitionem
848 2430 893 2466 et
932 2423 1055 2479 quasi
1093 2422 1402 2479 possessionem
1442 2421 1742 2464 obtenderent.

150 2497 320 2551 Quibus
349 2499 591 2554 respondet,
621 2505 847 2555 peccantes
878 2505 969 2541 tam
999 2513 1052 2541 ex
1072 2498 1105 2541 J
1109 2496 1254 2540 udaeis
1285 2511 1413 2552 quam
1443 2511 1497 2540 ex
1526 2495 1744 2540 Gentibus

148 2572 373 2630 perituros,
403 2586 453 2615 ac
479 2573 656 2629 proinde
678 2573 1009 2616 condemnatum
1029 2571 1082 2614 iri
1101 2578 1254 2629 gentes
1275 2571 1448 2627 quidem
1469 2570 1629 2626 absque
1649 2570 1745 2627 lege

117 2693 122 2697 ,
149 2646 300 2700 Mosis,
333 2645 527 2690 Judaeos
553 2660 655 2691 vero
687 2663 741 2691 ex
772 2648 865 2704 ipsa
894 2647 1005 2704 lege.
1075 2646 1307 2690 Rationem
1335 2646 1461 2688 affert
1490 2646 1747 2688 condemna-

150 2720 281 2764 tionis
300 2720 334 2764 J
336 2721 580 2775 udaeomm,
601 2737 643 2765 v.
663 2724 729 2776 13,
746 2723 1011 2765 diversorum
1031 2728 1310 2779 argumento:
1337 2719 1441 2763 Non
1461 2719 1536 2775 qui
1551 2719 1747 2773 audiunt,

152 2796 230 2839 sed
249 2795 324 2852 qui
343 2801 564 2852 praestant
581 2795 734 2853 legem,
754 2798 868 2854 apud
888 2797 1032 2840 Deum
1057 2795 1351 2852 justificandi;
1382 2793 1750 2838 condemnationis

151 2873 255 2914 v‘ero
273 2869 469 2927 gentium
485 2869 652 2920 duobus
671 2871 949 2927 sequentibus
966 2871 1035 2926 14,
1057 2872 1126 2925 15,
1147 2885 1319 2914 causam
1338 2867 1495 2922 reddit,
1515 2867 1633 2924 quod
1647 2867 1750 2912 licet
