1887 3188
715 198 817 229 cAP.
839 199 890 228 11.
915 188 1114 230 18.-111.
1137 189 1177 228 2.
1630 187 1713 228 429

117 319 208 364 sive
227 320 323 378 lege
345 326 389 363 et
409 318 744 373 circumcisione,
767 318 843 361 sed
862 319 1033 361 interna
1054 319 1241 375 Spiritus
1273 317 1472 372 efficacia,
1498 317 1565 360 i.e.
1587 316 1719 372 resip-

114 393 294 438 iscentia
315 402 359 437 et
379 394 477 448 fide,
499 393 568 437 cui
589 393 767 450 opponit
790 386 994 449 ργξάιικήικιοι,
1019 394 1093 436 i.e.
1114 393 1283 436 literam
1302 392 1409 449 legis
1431 392 1522 434 sine
1545 391 1719 435 Christo

119 477 356 513 emortuam
388 476 431 511 et
463 469 742 522 occidentem,
773 478 824 511 ut
854 472 894 510 2.
919 468 1017 511 Cor.
1049 468 1108 510 iii.
1130 483 1166 510 c.
1187 467 1404 509 luculente
1426 466 1627 521 exponit:
1660 465 1720 508 sio

119 558 290 586 carnem
304 544 422 586 cordi
439 544 629 600 opponit,
650 551 696 585 ut
712 543 878 585 literam
895 543 1076 599 Spiritui
1093 545 1146 585 29
1165 531 1340 597 v.-[o{5
1356 532 1377 579 ὁ
1393 533 1575 595 ἔπαινος]
1601 540 1722 594 cujus

117 618 292 672 Judaei‚
315 619 389 674 qui
419 619 574 676 dignus
605 619 686 661 hoc
716 619 900 672 nomine,
931 618 1023 660 laus
1050 633 1136 660 non
1170 633 1224 660 ex
1254 616 1511 669 hominibus,
1546 615 1619 670 qui
1651 630 1724 656 ex-

120 699 244 735 terna
263 700 433 736 tantum
455 701 665 750 spectant,
688 694 761 735 sed
789 709 842 735 ex
871 693 981 747 Deo,
1005 693 1079 748 qui
1098 692 1345 735 interiorem
1378 691 1517 734 cordis
1548 704 1725 733 conver-

122 767 285 811 sionem
305 768 512 823 intuetur‚
534 776 664 824 atque
686 775 906 824 acceptam
927 768 1072 811 habet.

653 1071 942 1115 TERTIUM
974 1072 1196 1115 CAPUT.

132 1224 374 1281 Occupatio
390 1231 484 1267 orta
500 1239 553 1266 ex
574 1223 794 1266 occasione
812 1223 1039 1279 superioris
1055 1222 1247 1279 responsi
1268 1229 1312 1265 et
1333 1221 1484 1278 capitis
1512 1221 1596 1264 fine
1612 1220 1732 1264 :—-Si

130 1300 239 1342 nihil
260 1307 462 1343 externus
483 1298 735 1342 «Iudaismus
757 1306 801 1341 et
823 1306 1001 1340 externa
1022 1298 1286 1341 circumcisio
1316 1298 1492 1353 prodest
1524 1297 1579 1339 ad
1606 1296 1735 1352 justi-

132 1375 238 1418 tiam
259 1389 448 1430 operum,
465 1374 662 1416 Judaeus
680 1372 849 1416 Gentili
869 1373 974 1428 quid
995 1373 1206 1415 interest?
1238 1379 1313 1415 aut
1334 1388 1419 1428 quo
1435 1372 1540 1413 mihi
1555 1372 1736 1414 circum-

131 1450 267 1494 cisio?
289 1449 401 1492 Cum
414 1448 484 1490 hic
497 1448 724 1491 articulum
741 1448 1032 1504 [proponitur]
1050 1455 1141 1490 tam
1161 1448 1195 1490 J
1197 1448 1348 1501 udaeo,
1365 1463 1494 1503 quam
1515 1446 1736 1490 circumci-

132 1524 254 1579 sioni,
271 1523 418 1580 quaeri
433 1530 590 1580 potest,
603 1530 882 1566 moveaturne
897 1523 1092 1578 quaestio
1105 1524 1159 1565 de
1173 1538 1274 1566 vero
1287 1523 1460 1565 Judaeo
1477 1529 1522 1565 et
1537 1538 1639 1565 vero
1656 1522 1737 1565 cir-

132 1600 404 1653 cumcisione,
422 1598 662 1654 cujusmodi
676 1598 803 1640 modo
820 1597 1046 1640 definivit?
1077 1613 1132 1639 an
1147 1597 1345 1640 universe
1367 1604 1412 1640 et
1432 1597 1476 1638 in
1492 1612 1650 1654 genere
1667 1596 1737 1640 vel

133 1674 309 1718 definite
324 1673 558 1729 loquatur?
587 1688 637 1715 ac
657 1672 812 1715 nititur
825 1672 931 1715 haec
947 1671 1131 1726 objectio
1147 1672 1340 1727 pluribus
1363 1671 1610 1728 Scripturas
1630 1671 1735 1714 locis

133 1755 185 1792 ut
197 1748 338 1791 Exod.
351 1747 470 1790 xviii.
488 1763 499 1797 3
520 1747 655 1789 Deut.
675 1746 733 1789 iv.
748 1763 759 1797 3
780 1746 895 1789 Psal.
910 1747 1052 1790 cxlvii.
1068 1737 1118 1786 τὰ
1133 1737 1316 1803 πεξισσόν
1331 1747 1543 1804 significat
1557 1747 1738 1803 amplius

136 1823 254 1880 quid,
271 1838 400 1878 quam
420 1821 576 1864 habeat
599 1821 801 1875 Gentilis‚
819 1837 904 1878 quo
925 1829 1131 1878 tanquam
1151 1822 1377 1878 dignitatis
1394 1829 1438 1865 et
1459 1822 1738 1866 excellentiae

137 1896 438 1955 praerogativa
456 1897 658 1954 gaudeat.
743 1896 929 1952 Subjicit
948 1897 1281 1954 responsionem,
1313 1888 1425 1936 πολι)
1448 1888 1571 1936 κατ-οὶ
1594 1889 1741 1936 πάντα

140 1964 318 2030 τξὸπὸν,
344 1971 522 2014 multam
543 1987 827 2028 magnamque
843 1972 981 2015 modis
1002 1972 1199 2014 omnibus
1221 1988 1312 2016 esse
1334 1972 1632 2016 excellentiam
1652 1971 1744 2015 veri

142 2048 213 2104 (ut
232 2047 424 2103 videtur)
453 2047 487 2089 J
488 2046 627 2100 udaei‚
659 2062 704 2089 er,
728 2062 854 2090 verae
875 2047 1220 2102 circumcisionis,
1241 2047 1482 2102 cujusmodi
1501 2047 1584 2090 fuit
1604 2047 1746 2090 Abra-

139 2122 269 2177 hami,
291 2121 555 2176 aliorumque
575 2121 765 2164 fidelium
785 2121 820 2164 J
820 2122 1068 2165 udaeorum.
1127 2122 1259 2164 Ratio
1281 2129 1358 2176 est,
1381 2122 1482 2178 quia
1495 2121 1746 2178 primarium

142 2204 188 2241 et
208 2197 331 2254 quasi
350 2196 604 2253 palmarium
633 2196 714 2239 hoc
746 2203 812 2239 est
831 2196 877 2238 in
907 2196 1063 2240 divinis
1084 2196 1302 2239 beneficiis
1332 2197 1377 2238 in
1397 2211 1521 2239 veros
1550 2196 1584 2239 J
1585 2197 1745 2239 udaeos

143 2272 322 2326 collatis,
345 2272 461 2328 quod
477 2270 646 2327 eloquia
665 2271 765 2325 Dei,
786 2271 829 2313 h.
844 2287 881 2314 e.
903 2271 1074 2314 oracula
1086 2271 1232 2314 divina
1248 2271 1302 2313 de
1318 2271 1488 2314 foedere
1503 2286 1591 2313 non
1606 2271 1745 2314 solum

145 2362 336 2404 operum,
367 2347 444 2390 sed
474 2346 604 2389 etiam
635 2345 801 2403 gratiae
831 2347 947 2402 apud
977 2361 1049 2389 eos
1080 2345 1276 2402 deposita
1307 2345 1480 2400 fuerint,
1503 2352 1547 2388 et
1575 2345 1746 2388 illorum

147 2421 250 2465 fidei
269 2421 539 2464 concredita:
571 2436 626 2464 ex
650 2420 805 2476 quibus
834 2436 921 2464 non
954 2420 1091 2464 solum
1122 2427 1326 2477 pracepta
1351 2421 1473 2477 legis,
1506 2421 1583 2464 sed
1617 2420 1748 2464 etiam

147 2494 448 2552 promissiones
474 2495 529 2538 de
555 2494 730 2539 Christo
759 2494 1046 2551 Evangelicas
1074 2494 1294 2550 percipere
1322 2501 1585 2551 potuerunt3
1615 2485 1748 2548 λόγιοι

146 2570 219 2613 hic
248 2574 316 2612 est
345 2567 488 2623 quarti
518 2583 642 2612 casus
661 2577 761 2626 post
781 2568 961 2612 verbum
982 2561 1294 2618 ἐπιστέυθησαν,
1327 2575 1379 2612 ut
1408 2569 1511 2612 alibi
1541 2561 1750 2613 διάκονιάν

129 2685 134 2689 .
152 2653 453 2698 πεπίστευμαι.
513 2643 603 2687 Sed
633 2646 656 2687 1
689 2644 802 2689 Tim.
837 2644 898 2687 iii.
931 2646 999 2688 16.
1030 2645 1189 2688 dicitur
1217 2645 1272 2687 de
1309 2643 1496 2698 Christo,
1533 2635 1750 2691 ἔπιστέυθη

153 2712 190 2758 ἐν
208 2709 356 2774 κόσμῳ
372 2734 384 2768 ;
405 2732 455 2761 ac
472 2717 584 2761 forte
605 2725 649 2762 et
667 2719 739 2763 hic
759 2719 1025 2777 significatur
1043 2719 1316 2763 Patriarchas
1332 2718 1489 2763 divinis
1505 2720 1560 2761 de
1577 2719 1752 2762 Christo

153 2792 504 2851 promissionibus
522 2793 654 2836 fidem
672 2793 871 2838 habuisse
892 2801 937 2838 et
956 2795 1212 2839 credidisse:
1232 2794 1316 2837 nisi
1337 2794 1432 2850 quis
1451 2793 1573 2836 malit
1592 2800 1754 2839 utram-

155 2884 239 2927 que
260 2867 616 2925 significationem
634 2867 761 2923 hujus
780 2868 902 2912 verbi
929 2869 1001 2912 hic
1029 2869 1282 2926 intelligere,
1304 2875 1354 2912 ut
1383 2868 1442 2912 sit
1470 2882 1644 2918 sensus3
1671 2867 1706 2912 J
1708 2884 1756 2911 u-
