<?xml version="1.0" encoding="UTF-8"?>
<!DOCTYPE html PUBLIC "-//W3C//DTD XHTML 1.0 Transitional//EN"
    "http://www.w3.org/TR/xhtml1/DTD/xhtml1-transitional.dtd">
<html xmlns="http://www.w3.org/1999/xhtml" xml:lang="en" lang="en">
 <head>
  <title>
</title>
<meta http-equiv="Content-Type" content="text/html;charset=utf-8" />
  <meta name='ocr-system' content='tesseract 3.04.00' />
  <meta name='ocr-capabilities' content='ocr_page ocr_carea ocr_par ocr_line ocrx_word'/>
</head>
<body>
  <div class='ocr_page' id='page_1' title='image "./logicalanalysiso00ferm_0431.png"; bbox 0 0 1887 3188; ppageno 0'>
   <div class='ocr_carea' id='block_1_1' title="bbox 580 247 1704 288">
    <p class='ocr_par' dir='ltr' id='par_1_1' title="bbox 580 247 1704 288">
     <span class='ocr_line' id='line_1_1' title="bbox 580 247 1704 288; baseline 0.002 -2"><span class='ocrx_word' id='word_1_1' title='bbox 580 257 668 287; x_wconf 72' lang='lat' dir='ltr'>Ano</span> <span class='ocrx_word' id='word_1_2' title='bbox 676 257 915 287; x_wconf 83' lang='lat' dir='ltr'><strong>UMENTUM</strong></span> <span class='ocrx_word' id='word_1_3' title='bbox 937 258 1211 288; x_wconf 81' lang='lat' dir='ltr'><strong>EPISTOLAE.</strong></span> <span class='ocrx_word' id='word_1_4' title='bbox 1619 247 1704 288; x_wconf 81' lang='lat'>389</span> 
     </span>
    </p>
   </div>
   <div class='ocr_carea' id='block_1_2' title="bbox 88 375 1701 2968">
    <p class='ocr_par' dir='ltr' id='par_1_2' title="bbox 88 375 1701 1105">
     <span class='ocr_line' id='line_1_2' title="bbox 97 375 1700 433; baseline -0.001 -13"><span class='ocrx_word' id='word_1_5' title='bbox 97 378 419 430; x_wconf 88' lang='lat' dir='ltr'>communicata,</span> <span class='ocrx_word' id='word_1_6' title='bbox 442 392 527 418; x_wconf 92' lang='lat' dir='ltr'>non</span> <span class='ocrx_word' id='word_1_7' title='bbox 548 377 708 432; x_wconf 88' lang='lat' dir='ltr'>legalis,</span> <span class='ocrx_word' id='word_1_8' title='bbox 732 375 806 418; x_wconf 88' lang='lat' dir='ltr'>sed</span> <span class='ocrx_word' id='word_1_9' title='bbox 829 376 1087 432; x_wconf 85' lang='lat' dir='ltr'>evangelica,</span> <span class='ocrx_word' id='word_1_10' title='bbox 1111 392 1238 432; x_wconf 86' lang='lat' dir='ltr'>quam</span> <span class='ocrx_word' id='word_1_11' title='bbox 1261 376 1362 432; x_wconf 87' lang='lat' dir='ltr'>quia</span> <span class='ocrx_word' id='word_1_12' title='bbox 1379 376 1411 419; x_wconf 86' lang='lat' dir='ltr'><strong>J</strong></span> <span class='ocrx_word' id='word_1_13' title='bbox 1414 377 1540 419; x_wconf 88' lang='lat' dir='ltr'>udaei</span> <span class='ocrx_word' id='word_1_14' title='bbox 1558 380 1700 433; x_wconf 68' lang='lat' dir='ltr'>asper-⁷</span> 
     </span>
     <span class='ocr_line' id='line_1_3' title="bbox 97 450 1698 506; baseline 0.001 -13"><span class='ocrx_word' id='word_1_15' title='bbox 97 459 266 504; x_wconf 89' lang='lat' dir='ltr'>nantur,</span> <span class='ocrx_word' id='word_1_16' title='bbox 283 452 379 493; x_wconf 90' lang='lat' dir='ltr'>ideo</span> <span class='ocrx_word' id='word_1_17' title='bbox 400 450 548 506; x_wconf 89' lang='lat' dir='ltr'>rejecti</span> <span class='ocrx_word' id='word_1_18' title='bbox 565 466 618 493; x_wconf 87' lang='lat' dir='ltr'>ex</span> <span class='ocrx_word' id='word_1_19' title='bbox 639 458 813 493; x_wconf 88' lang='lat' dir='ltr'>aeterno</span> <span class='ocrx_word' id='word_1_20' title='bbox 830 450 916 493; x_wconf 93' lang='lat' dir='ltr'>Dei</span> <span class='ocrx_word' id='word_1_21' title='bbox 937 451 1111 493; x_wconf 88' lang='lat' dir='ltr'>decreto</span> <span class='ocrx_word' id='word_1_22' title='bbox 1134 451 1369 493; x_wconf 88' lang='lat' dir='ltr'>secundum</span> <span class='ocrx_word' id='word_1_23' title='bbox 1390 452 1698 506; x_wconf 87' lang='lat' dir='ltr'>prophetarum</span> 
     </span>
     <span class='ocr_line' id='line_1_4' title="bbox 95 517 1698 582; baseline 0 -14"><span class='ocrx_word' id='word_1_24' title='bbox 95 517 275 579; x_wconf 83' lang='lat' dir='ltr'>oracula,</span> <span class='ocrx_word' id='word_1_25' title='bbox 307 532 458 581; x_wconf 83' lang='lat' dir='ltr'>gentes</span> <span class='ocrx_word' id='word_1_26' title='bbox 486 540 587 567; x_wconf 90' lang='lat' dir='ltr'>vero</span> <span class='ocrx_word' id='word_1_27' title='bbox 619 526 734 580; x_wconf 92' lang='lat' dir='ltr'>quod</span> <span class='ocrx_word' id='word_1_28' title='bbox 766 525 1036 582; x_wconf 90' lang='lat' dir='ltr'>evangelium</span> <span class='ocrx_word' id='word_1_29' title='bbox 1069 541 1122 567; x_wconf 83' lang='lat' dir='ltr'>ex</span> <span class='ocrx_word' id='word_1_30' title='bbox 1152 525 1291 581; x_wconf 89' lang='lat' dir='ltr'>gratia</span> <span class='ocrx_word' id='word_1_31' title='bbox 1322 525 1542 581; x_wconf 80' lang='lat' dir='ltr'>amplexae</span> <span class='ocrx_word' id='word_1_32' title='bbox 1571 526 1698 580; x_wconf 91' lang='lat' dir='ltr'>hujus</span> 
     </span>
     <span class='ocr_line' id='line_1_5' title="bbox 88 596 1697 656; baseline -0.001 -14"><span class='ocrx_word' id='word_1_33' title='bbox 88 600 284 655; x_wconf 89' lang='lat' dir='ltr'>justitiae</span> <span class='ocrx_word' id='word_1_34' title='bbox 306 608 350 642; x_wconf 92' lang='lat' dir='ltr'>et</span> <span class='ocrx_word' id='word_1_35' title='bbox 371 600 519 642; x_wconf 86' lang='lat' dir='ltr'>salutis</span> <span class='ocrx_word' id='word_1_36' title='bbox 541 601 730 643; x_wconf 88' lang='lat' dir='ltr'>evadunt</span> <span class='ocrx_word' id='word_1_37' title='bbox 752 601 983 656; x_wconf 85' lang='lat' dir='ltr'>compotes,</span> <span class='ocrx_word' id='word_1_38' title='bbox 1007 616 1060 642; x_wconf 82' lang='lat' dir='ltr'>ex</span> <span class='ocrx_word' id='word_1_39' title='bbox 1081 600 1254 642; x_wconf 90' lang='lat' dir='ltr'>decreto</span> <span class='ocrx_word' id='word_1_40' title='bbox 1276 600 1381 642; x_wconf 86' lang='lat' dir='ltr'>item</span> <span class='ocrx_word' id='word_1_41' title='bbox 1403 607 1577 642; x_wconf 89' lang='lat' dir='ltr'>aeterno</span> <span class='ocrx_word' id='word_1_42' title='bbox 1598 596 1697 653; x_wconf 86' lang='lat' dir='ltr'>Dei,</span> 
     </span>
     <span class='ocr_line' id='line_1_6' title="bbox 95 673 1700 731; baseline -0.001 -14"><span class='ocrx_word' id='word_1_43' title='bbox 95 681 139 718; x_wconf 90' lang='lat' dir='ltr'>et</span> <span class='ocrx_word' id='word_1_44' title='bbox 168 675 472 731; x_wconf 89' lang='lat' dir='ltr'>prophetarum</span> <span class='ocrx_word' id='word_1_45' title='bbox 494 675 686 729; x_wconf 87' lang='lat' dir='ltr'>oraculis,</span> <span class='ocrx_word' id='word_1_46' title='bbox 709 691 830 731; x_wconf 91' lang='lat' dir='ltr'>capp.</span> <span class='ocrx_word' id='word_1_47' title='bbox 852 675 910 716; x_wconf 82' lang='lat' dir='ltr'>ix.</span> <span class='ocrx_word' id='word_1_48' title='bbox 933 682 976 717; x_wconf 91' lang='lat' dir='ltr'>et</span> <span class='ocrx_word' id='word_1_49' title='bbox 997 690 1039 716; x_wconf 88' lang='lat' dir='ltr'>x.</span> <span class='ocrx_word' id='word_1_50' title='bbox 1057 691 1067 724; x_wconf 86' lang='lat'><em>3</em></span> <span class='ocrx_word' id='word_1_51' title='bbox 1100 674 1190 716; x_wconf 88' lang='lat' dir='ltr'>Ubi</span> <span class='ocrx_word' id='word_1_52' title='bbox 1212 674 1339 731; x_wconf 89' lang='lat' dir='ltr'>legali</span> <span class='ocrx_word' id='word_1_53' title='bbox 1354 673 1550 729; x_wconf 90' lang='lat' dir='ltr'>justitiae</span> <span class='ocrx_word' id='word_1_54' title='bbox 1572 689 1700 716; x_wconf 87' lang='lat' dir='ltr'>evan-</span> 
     </span>
     <span class='ocr_line' id='line_1_7' title="bbox 93 748 1700 806; baseline -0.001 -14"><span class='ocrx_word' id='word_1_55' title='bbox 93 749 231 806; x_wconf 86' lang='lat' dir='ltr'>gelica</span> <span class='ocrx_word' id='word_1_56' title='bbox 260 749 456 805; x_wconf 87' lang='lat' dir='ltr'>opposita</span> <span class='ocrx_word' id='word_1_57' title='bbox 491 750 760 803; x_wconf 78' lang='lat' dir='ltr'><strong>describitur,</strong></span> <span class='ocrx_word' id='word_1_58' title='bbox 799 756 842 792; x_wconf 92' lang='lat' dir='ltr'>et</span> <span class='ocrx_word' id='word_1_59' title='bbox 878 749 1116 791; x_wconf 90' lang='lat' dir='ltr'>illustratur</span> <span class='ocrx_word' id='word_1_60' title='bbox 1150 749 1287 791; x_wconf 86' lang='lat' dir='ltr'>Mosis</span> <span class='ocrx_word' id='word_1_61' title='bbox 1319 755 1363 791; x_wconf 92' lang='lat' dir='ltr'>et</span> <span class='ocrx_word' id='word_1_62' title='bbox 1393 748 1700 805; x_wconf 89' lang='lat' dir='ltr'>prophetarum</span> 
     </span>
     <span class='ocr_line' id='line_1_8' title="bbox 93 823 1701 880; baseline 0 -14"><span class='ocrx_word' id='word_1_63' title='bbox 93 824 363 877; x_wconf 77' lang='lat' dir='ltr'>testimoniis,</span> <span class='ocrx_word' id='word_1_64' title='bbox 381 839 509 879; x_wconf 89' lang='lat' dir='ltr'>quam</span> <span class='ocrx_word' id='word_1_65' title='bbox 520 824 735 879; x_wconf 88' lang='lat' dir='ltr'>justitiam</span> <span class='ocrx_word' id='word_1_66' title='bbox 757 831 805 866; x_wconf 84' lang='lat' dir='ltr'>ut</span> <span class='ocrx_word' id='word_1_67' title='bbox 826 823 988 866; x_wconf 78' lang='lat' dir='ltr'>Judaei</span> <span class='ocrx_word' id='word_1_68' title='bbox 1003 824 1176 866; x_wconf 90' lang='lat' dir='ltr'>tandem</span> <span class='ocrx_word' id='word_1_69' title='bbox 1195 823 1504 880; x_wconf 82' lang='lat' dir='ltr'>amplexentur,</span> <span class='ocrx_word' id='word_1_70' title='bbox 1522 824 1577 865; x_wconf 89' lang='lat' dir='ltr'>ad</span> <span class='ocrx_word' id='word_1_71' title='bbox 1593 830 1701 866; x_wconf 76' lang='lat' dir='ltr'>tem-</span> 
     </span>
     <span class='ocr_line' id='line_1_9' title="bbox 93 898 1700 955; baseline 0 -15"><span class='ocrx_word' id='word_1_72' title='bbox 93 914 173 954; x_wconf 91' lang='lat' dir='ltr'>pus</span> <span class='ocrx_word' id='word_1_73' title='bbox 203 899 467 954; x_wconf 87' lang='lat' dir='ltr'>rejiciuntur,</span> <span class='ocrx_word' id='word_1_74' title='bbox 499 906 550 941; x_wconf 93' lang='lat' dir='ltr'>ut</span> <span class='ocrx_word' id='word_1_75' title='bbox 581 899 865 941; x_wconf 82' lang='lat' dir='ltr'>aemulatione</span> <span class='ocrx_word' id='word_1_76' title='bbox 900 898 1094 955; x_wconf 86' lang='lat' dir='ltr'>gentium</span> <span class='ocrx_word' id='word_1_77' title='bbox 1129 904 1415 954; x_wconf 82' lang='lat' dir='ltr'>provocentur</span> <span class='ocrx_word' id='word_1_78' title='bbox 1445 905 1489 940; x_wconf 90' lang='lat' dir='ltr'>et</span> <span class='ocrx_word' id='word_1_79' title='bbox 1518 898 1612 954; x_wconf 90' lang='lat' dir='ltr'>ipsi,</span> <span class='ocrx_word' id='word_1_80' title='bbox 1649 905 1700 940; x_wconf 91' lang='lat' dir='ltr'>ut</span> 
     </span>
     <span class='ocr_line' id='line_1_10' title="bbox 93 973 1698 1030; baseline -0.001 -13"><span class='ocrx_word' id='word_1_81' title='bbox 93 975 303 1018; x_wconf 82' lang='lat' dir='ltr'>catholica</span> <span class='ocrx_word' id='word_1_82' title='bbox 328 975 506 1018; x_wconf 88' lang='lat' dir='ltr'>ecclesia</span> <span class='ocrx_word' id='word_1_83' title='bbox 527 991 580 1017; x_wconf 79' lang='lat' dir='ltr'>ex</span> <span class='ocrx_word' id='word_1_84' title='bbox 600 974 633 1018; x_wconf 82' lang='lat' dir='ltr'><strong>J</strong></span> <span class='ocrx_word' id='word_1_85' title='bbox 636 975 782 1017; x_wconf 90' lang='lat' dir='ltr'>udaeis</span> <span class='ocrx_word' id='word_1_86' title='bbox 805 981 848 1017; x_wconf 92' lang='lat' dir='ltr'>et</span> <span class='ocrx_word' id='word_1_87' title='bbox 869 974 1071 1030; x_wconf 90' lang='lat' dir='ltr'>gentibus</span> <span class='ocrx_word' id='word_1_88' title='bbox 1103 974 1295 1027; x_wconf 87' lang='lat' dir='ltr'>collecta,</span> <span class='ocrx_word' id='word_1_89' title='bbox 1317 973 1528 1016; x_wconf 89' lang='lat' dir='ltr'>universis</span> <span class='ocrx_word' id='word_1_90' title='bbox 1558 973 1698 1030; x_wconf 88' lang='lat' dir='ltr'>gratia</span> 
     </span>
     <span class='ocr_line' id='line_1_11' title="bbox 93 1049 863 1105; baseline 0 -15"><span class='ocrx_word' id='word_1_91' title='bbox 93 1049 179 1092; x_wconf 92' lang='lat' dir='ltr'>Dei</span> <span class='ocrx_word' id='word_1_92' title='bbox 199 1049 244 1090; x_wconf 91' lang='lat' dir='ltr'>in</span> <span class='ocrx_word' id='word_1_93' title='bbox 266 1049 441 1092; x_wconf 87' lang='lat' dir='ltr'>Christo</span> <span class='ocrx_word' id='word_1_94' title='bbox 463 1056 669 1103; x_wconf 90' lang='lat' dir='ltr'>servetur,</span> <span class='ocrx_word' id='word_1_95' title='bbox 692 1065 784 1105; x_wconf 90' lang='lat' dir='ltr'>cap.</span> <span class='ocrx_word' id='word_1_96' title='bbox 806 1049 863 1090; x_wconf 84' lang='lat' dir='ltr'>xi.</span> 
     </span>
    </p>

    <p class='ocr_par' dir='ltr' id='par_1_3' title="bbox 91 1123 1700 2807">
     <span class='ocr_line' id='line_1_12' title="bbox 151 1123 1699 1180; baseline -0.001 -14"><span class='ocrx_word' id='word_1_97' title='bbox 151 1123 376 1166; x_wconf 81' lang='lat' dir='ltr'>Hactenus</span> <span class='ocrx_word' id='word_1_98' title='bbox 398 1124 593 1166; x_wconf 90' lang='lat' dir='ltr'>doctrina</span> <span class='ocrx_word' id='word_1_99' title='bbox 613 1125 666 1166; x_wconf 88' lang='lat' dir='ltr'>de</span> <span class='ocrx_word' id='word_1_100' title='bbox 681 1123 853 1179; x_wconf 85' lang='lat' dir='ltr'>justitia</span> <span class='ocrx_word' id='word_1_101' title='bbox 874 1130 917 1165; x_wconf 94' lang='lat' dir='ltr'>et</span> <span class='ocrx_word' id='word_1_102' title='bbox 939 1123 1075 1166; x_wconf 86' lang='lat' dir='ltr'>salute</span> <span class='ocrx_word' id='word_1_103' title='bbox 1106 1130 1193 1166; x_wconf 90' lang='lat' dir='ltr'>tam</span> <span class='ocrx_word' id='word_1_104' title='bbox 1221 1123 1388 1178; x_wconf 88' lang='lat' dir='ltr'>judaeis</span> <span class='ocrx_word' id='word_1_105' title='bbox 1410 1139 1538 1179; x_wconf 89' lang='lat' dir='ltr'>quam</span> <span class='ocrx_word' id='word_1_106' title='bbox 1558 1123 1699 1180; x_wconf 83' lang='lat' dir='ltr'>genti-</span> 
     </span>
     <span class='ocr_line' id='line_1_13' title="bbox 91 1190 1699 1255; baseline -0.001 -13"><span class='ocrx_word' id='word_1_107' title='bbox 91 1199 171 1242; x_wconf 88' lang='lat' dir='ltr'>bus</span> <span class='ocrx_word' id='word_1_108' title='bbox 192 1199 431 1249; x_wconf 85' lang='lat' dir='ltr'>communi3</span> <span class='ocrx_word' id='word_1_109' title='bbox 455 1199 648 1254; x_wconf 86' lang='lat' dir='ltr'>sequitur</span> <span class='ocrx_word' id='word_1_110' title='bbox 668 1192 935 1255; x_wconf 58' lang='grc' dir='ltr'>παράκλησις</span> <span class='ocrx_word' id='word_1_111' title='bbox 963 1199 1052 1241; x_wconf 83' lang='lat' dir='ltr'>sive</span> <span class='ocrx_word' id='word_1_112' title='bbox 1074 1190 1311 1254; x_wconf 67' lang='grc' dir='ltr'>παξαῖνεσις</span> <span class='ocrx_word' id='word_1_113' title='bbox 1340 1199 1395 1240; x_wconf 86' lang='lat' dir='ltr'>ad</span> <span class='ocrx_word' id='word_1_114' title='bbox 1423 1199 1557 1241; x_wconf 90' lang='lat' dir='ltr'>vitam</span> <span class='ocrx_word' id='word_1_115' title='bbox 1579 1214 1699 1242; x_wconf 89' lang='lat' dir='ltr'>sanc-</span> 
     </span>
     <span class='ocr_line' id='line_1_14' title="bbox 91 1273 1699 1330; baseline -0.001 -14"><span class='ocrx_word' id='word_1_116' title='bbox 91 1281 181 1316; x_wconf 87' lang='lat' dir='ltr'>tam</span> <span class='ocrx_word' id='word_1_117' title='bbox 213 1281 258 1316; x_wconf 89' lang='lat' dir='ltr'>et</span> <span class='ocrx_word' id='word_1_118' title='bbox 288 1274 462 1330; x_wconf 84' lang='lat' dir='ltr'>dignam</span> <span class='ocrx_word' id='word_1_119' title='bbox 492 1274 664 1316; x_wconf 89' lang='lat' dir='ltr'>homine</span> <span class='ocrx_word' id='word_1_120' title='bbox 697 1274 957 1327; x_wconf 84' lang='lat' dir='ltr'>Christiano,</span> <span class='ocrx_word' id='word_1_121' title='bbox 988 1274 1125 1315; x_wconf 86' lang='lat' dir='ltr'>tribus</span> <span class='ocrx_word' id='word_1_122' title='bbox 1147 1289 1268 1329; x_wconf 89' lang='lat' dir='ltr'>capp.</span> <span class='ocrx_word' id='word_1_123' title='bbox 1299 1273 1373 1315; x_wconf 78' lang='lat' dir='ltr'>xii.</span> <span class='ocrx_word' id='word_1_124' title='bbox 1404 1273 1493 1315; x_wconf 77' lang='lat' dir='ltr'>xiii.</span> <span class='ocrx_word' id='word_1_125' title='bbox 1524 1273 1611 1315; x_wconf 79' lang='lat' dir='ltr'>xiv.</span> <span class='ocrx_word' id='word_1_126' title='bbox 1644 1274 1699 1315; x_wconf 89' lang='lat' dir='ltr'>ad</span> 
     </span>
     <span class='ocr_line' id='line_1_15' title="bbox 92 1347 1699 1404; baseline 0 -14"><span class='ocrx_word' id='word_1_127' title='bbox 92 1365 165 1391; x_wconf 84' lang='lat' dir='ltr'>xv.</span> <span class='ocrx_word' id='word_1_128' title='bbox 198 1349 267 1390; x_wconf 84' lang='lat'>14.</span> <span class='ocrx_word' id='word_1_129' title='bbox 346 1348 414 1390; x_wconf 88' lang='lat' dir='ltr'>Ac</span> <span class='ocrx_word' id='word_1_130' title='bbox 444 1348 581 1404; x_wconf 87' lang='lat' dir='ltr'>primo</span> <span class='ocrx_word' id='word_1_131' title='bbox 618 1349 672 1390; x_wconf 88' lang='lat' dir='ltr'>ad</span> <span class='ocrx_word' id='word_1_132' title='bbox 707 1348 894 1404; x_wconf 89' lang='lat' dir='ltr'>corporis</span> <span class='ocrx_word' id='word_1_133' title='bbox 936 1355 980 1390; x_wconf 93' lang='lat' dir='ltr'>et</span> <span class='ocrx_word' id='word_1_134' title='bbox 1020 1348 1151 1389; x_wconf 90' lang='lat' dir='ltr'>animi</span> <span class='ocrx_word' id='word_1_135' title='bbox 1187 1347 1460 1390; x_wconf 84' lang='lat' dir='ltr'>sanctitatem</span> <span class='ocrx_word' id='word_1_136' title='bbox 1500 1348 1699 1390; x_wconf 87' lang='lat' dir='ltr'>hortatur</span> 
     </span>
     <span class='ocr_line' id='line_1_16' title="bbox 91 1422 1697 1480; baseline -0.001 -15"><span class='ocrx_word' id='word_1_137' title='bbox 91 1423 137 1465; x_wconf 90' lang='lat' dir='ltr'>in</span> <span class='ocrx_word' id='word_1_138' title='bbox 170 1438 340 1480; x_wconf 84' lang='lat' dir='ltr'>genere,</span> <span class='ocrx_word' id='word_1_139' title='bbox 378 1423 431 1464; x_wconf 93' lang='lat' dir='ltr'>ad</span> <span class='ocrx_word' id='word_1_140' title='bbox 468 1422 639 1466; x_wconf 89' lang='lat' dir='ltr'>divinae</span> <span class='ocrx_word' id='word_1_141' title='bbox 674 1422 910 1465; x_wconf 87' lang='lat' dir='ltr'>voluntatis</span> <span class='ocrx_word' id='word_1_142' title='bbox 950 1437 1155 1476; x_wconf 88' lang='lat' dir='ltr'>normam,</span> <span class='ocrx_word' id='word_1_143' title='bbox 1193 1429 1237 1464; x_wconf 91' lang='lat' dir='ltr'>et</span> <span class='ocrx_word' id='word_1_144' title='bbox 1277 1429 1561 1478; x_wconf 85' lang='lat' dir='ltr'>temperatam</span> <span class='ocrx_word' id='word_1_145' title='bbox 1595 1422 1697 1465; x_wconf 82' lang='lat' dir='ltr'>fidei</span> 
     </span>
     <span class='ocr_line' id='line_1_17' title="bbox 92 1497 1697 1554; baseline -0.001 -14"><span class='ocrx_word' id='word_1_146' title='bbox 92 1498 294 1540; x_wconf 89' lang='lat' dir='ltr'>demenso</span> <span class='ocrx_word' id='word_1_147' title='bbox 325 1497 610 1554; x_wconf 80' lang='lat' dir='ltr'>prudentiam,</span> <span class='ocrx_word' id='word_1_148' title='bbox 648 1513 776 1553; x_wconf 88' lang='lat' dir='ltr'>quam</span> <span class='ocrx_word' id='word_1_149' title='bbox 807 1497 985 1554; x_wconf 87' lang='lat' dir='ltr'>singulis</span> <span class='ocrx_word' id='word_1_150' title='bbox 1017 1497 1399 1540; x_wconf 88' lang='lat' dir='ltr'>ecclesiasticarum</span> <span class='ocrx_word' id='word_1_151' title='bbox 1428 1497 1697 1539; x_wconf 85' lang='lat' dir='ltr'>functionum</span> 
     </span>
     <span class='ocr_line' id='line_1_18' title="bbox 92 1571 1700 1628; baseline 0 -14"><span class='ocrx_word' id='word_1_152' title='bbox 92 1573 340 1615; x_wconf 89' lang='lat' dir='ltr'>muneribus</span> <span class='ocrx_word' id='word_1_153' title='bbox 361 1573 667 1625; x_wconf 82' lang='lat' dir='ltr'>accommodat,</span> <span class='ocrx_word' id='word_1_154' title='bbox 690 1588 739 1614; x_wconf 89' lang='lat' dir='ltr'>ac</span> <span class='ocrx_word' id='word_1_155' title='bbox 760 1572 916 1614; x_wconf 89' lang='lat' dir='ltr'>deinde</span> <span class='ocrx_word' id='word_1_156' title='bbox 936 1571 1205 1628; x_wconf 84' lang='lat' dir='ltr'>generalibus</span> <span class='ocrx_word' id='word_1_157' title='bbox 1227 1572 1416 1614; x_wconf 87' lang='lat' dir='ltr'>omnium</span> <span class='ocrx_word' id='word_1_158' title='bbox 1435 1571 1700 1614; x_wconf 85' lang='lat' dir='ltr'>Christiano-</span> 
     </span>
     <span class='ocr_line' id='line_1_19' title="bbox 92 1646 1697 1703; baseline -0.001 -13"><span class='ocrx_word' id='word_1_159' title='bbox 92 1663 186 1690; x_wconf 89' lang='lat' dir='ltr'>rum</span> <span class='ocrx_word' id='word_1_160' title='bbox 203 1647 351 1690; x_wconf 90' lang='lat' dir='ltr'>officiis</span> <span class='ocrx_word' id='word_1_161' title='bbox 368 1663 470 1703; x_wconf 84' lang='lat' dir='ltr'>erga</span> <span class='ocrx_word' id='word_1_162' title='bbox 483 1648 649 1700; x_wconf 88' lang='lat' dir='ltr'>fratres,</span> <span class='ocrx_word' id='word_1_163' title='bbox 667 1663 768 1703; x_wconf 88' lang='lat' dir='ltr'>erga</span> <span class='ocrx_word' id='word_1_164' title='bbox 784 1647 924 1700; x_wconf 89' lang='lat' dir='ltr'>deum,</span> <span class='ocrx_word' id='word_1_165' title='bbox 943 1653 987 1689; x_wconf 92' lang='lat' dir='ltr'>et</span> <span class='ocrx_word' id='word_1_166' title='bbox 1003 1647 1228 1688; x_wconf 89' lang='lat' dir='ltr'>adversum</span> <span class='ocrx_word' id='word_1_167' title='bbox 1244 1646 1438 1688; x_wconf 91' lang='lat' dir='ltr'>inimicos</span> <span class='ocrx_word' id='word_1_168' title='bbox 1457 1648 1583 1688; x_wconf 81' lang='lat' dir='ltr'>12mo</span> <span class='ocrx_word' id='word_1_169' title='bbox 1604 1661 1697 1702; x_wconf 88' lang='lat' dir='ltr'>cap.</span> 
     </span>
     <span class='ocr_line' id='line_1_20' title="bbox 96 1720 1699 1777; baseline -0.001 -13"><span class='ocrx_word' id='word_1_170' title='bbox 96 1721 220 1776; x_wconf 82' lang='lat' dir='ltr'>Quae</span> <span class='ocrx_word' id='word_1_171' title='bbox 246 1722 388 1765; x_wconf 88' lang='lat' dir='ltr'>ethica</span> <span class='ocrx_word' id='word_1_172' title='bbox 419 1721 664 1765; x_wconf 87' lang='lat' dir='ltr'>Christiana</span> <span class='ocrx_word' id='word_1_173' title='bbox 694 1721 779 1763; x_wconf 88' lang='lat' dir='ltr'>dici</span> <span class='ocrx_word' id='word_1_174' title='bbox 808 1728 1001 1777; x_wconf 88' lang='lat' dir='ltr'>possunt.</span> <span class='ocrx_word' id='word_1_175' title='bbox 1061 1720 1173 1762; x_wconf 87' lang='lat' dir='ltr'>Tum</span> <span class='ocrx_word' id='word_1_176' title='bbox 1195 1721 1248 1762; x_wconf 91' lang='lat' dir='ltr'>de</span> <span class='ocrx_word' id='word_1_177' title='bbox 1270 1720 1407 1763; x_wconf 91' lang='lat' dir='ltr'>officio</span> <span class='ocrx_word' id='word_1_178' title='bbox 1429 1720 1699 1763; x_wconf 84' lang='lat' dir='ltr'>subditorum</span> 
     </span>
     <span class='ocr_line' id='line_1_21' title="bbox 94 1795 1698 1853; baseline -0.001 -14"><span class='ocrx_word' id='word_1_179' title='bbox 94 1812 196 1853; x_wconf 84' lang='lat' dir='ltr'>erga</span> <span class='ocrx_word' id='word_1_180' title='bbox 216 1796 504 1852; x_wconf 82' lang='lat' dir='ltr'>magistratus,</span> <span class='ocrx_word' id='word_1_181' title='bbox 528 1802 572 1838; x_wconf 90' lang='lat' dir='ltr'>et</span> <span class='ocrx_word' id='word_1_182' title='bbox 592 1803 741 1838; x_wconf 89' lang='lat' dir='ltr'>contra</span> <span class='ocrx_word' id='word_1_183' title='bbox 762 1795 899 1838; x_wconf 86' lang='lat' dir='ltr'>officio</span> <span class='ocrx_word' id='word_1_184' title='bbox 920 1795 1248 1851; x_wconf 85' lang='lat' dir='ltr'>magistratuum</span> <span class='ocrx_word' id='word_1_185' title='bbox 1270 1796 1474 1838; x_wconf 89' lang='lat' dir='ltr'>adversus</span> <span class='ocrx_word' id='word_1_186' title='bbox 1491 1795 1698 1850; x_wconf 79' lang='lat' dir='ltr'>subditos,</span> 
     </span>
     <span class='ocr_line' id='line_1_22' title="bbox 94 1869 1699 1928; baseline -0.001 -14"><span class='ocrx_word' id='word_1_187' title='bbox 94 1887 192 1914; x_wconf 83' lang='lat' dir='ltr'>cum</span> <span class='ocrx_word' id='word_1_188' title='bbox 212 1871 400 1928; x_wconf 87' lang='lat' dir='ltr'>generali</span> <span class='ocrx_word' id='word_1_189' title='bbox 422 1870 720 1913; x_wconf 88' lang='lat' dir='ltr'>adhortatione</span> <span class='ocrx_word' id='word_1_190' title='bbox 741 1871 796 1912; x_wconf 90' lang='lat' dir='ltr'>ad</span> <span class='ocrx_word' id='word_1_191' title='bbox 817 1886 942 1913; x_wconf 90' lang='lat' dir='ltr'>omne</span> <span class='ocrx_word' id='word_1_192' title='bbox 959 1870 1143 1912; x_wconf 88' lang='lat' dir='ltr'>officium</span> <span class='ocrx_word' id='word_1_193' title='bbox 1160 1870 1284 1913; x_wconf 89' lang='lat' dir='ltr'>alteri</span> <span class='ocrx_word' id='word_1_194' title='bbox 1298 1871 1603 1926; x_wconf 89' lang='lat' dir='ltr'>praestandum</span> <span class='ocrx_word' id='word_1_195' title='bbox 1619 1869 1699 1912; x_wconf 90' lang='lat' dir='ltr'>sub</span> 
     </span>
     <span class='ocr_line' id='line_1_23' title="bbox 92 1944 1699 2004; baseline -0.001 -16"><span class='ocrx_word' id='word_1_196' title='bbox 92 1946 282 2004; x_wconf 89' lang='lat' dir='ltr'>generali</span> <span class='ocrx_word' id='word_1_197' title='bbox 303 1945 524 1988; x_wconf 87' lang='lat' dir='ltr'>charitatis</span> <span class='ocrx_word' id='word_1_198' title='bbox 538 1945 906 1988; x_wconf 87' lang='lat' dir='ltr'>commendatione</span> <span class='ocrx_word' id='word_1_199' title='bbox 921 1961 932 1994; x_wconf 72' lang='grc' dir='ltr'><strong>ς</strong></span> <span class='ocrx_word' id='word_1_200' title='bbox 954 1951 999 1987; x_wconf 92' lang='lat' dir='ltr'>at</span> <span class='ocrx_word' id='word_1_201' title='bbox 1012 1945 1187 1987; x_wconf 89' lang='lat' dir='ltr'>tandem</span> <span class='ocrx_word' id='word_1_202' title='bbox 1208 1944 1261 1986; x_wconf 91' lang='lat' dir='ltr'>ab</span> <span class='ocrx_word' id='word_1_203' title='bbox 1276 1944 1391 1987; x_wconf 91' lang='lat' dir='ltr'>omni</span> <span class='ocrx_word' id='word_1_204' title='bbox 1411 1944 1638 1986; x_wconf 88' lang='lat' dir='ltr'>libidinum</span> <span class='ocrx_word' id='word_1_205' title='bbox 1654 1951 1699 1987; x_wconf 91' lang='lat' dir='ltr'>et</span> 
     </span>
     <span class='ocr_line' id='line_1_24' title="bbox 91 2019 1700 2076; baseline -0.001 -13"><span class='ocrx_word' id='word_1_206' title='bbox 91 2021 250 2063; x_wconf 90' lang='lat' dir='ltr'>irarum</span> <span class='ocrx_word' id='word_1_207' title='bbox 279 2020 532 2076; x_wconf 89' lang='lat' dir='ltr'>intemperie</span> <span class='ocrx_word' id='word_1_208' title='bbox 563 2019 793 2062; x_wconf 89' lang='lat' dir='ltr'>dehortans</span> <span class='ocrx_word' id='word_1_209' title='bbox 814 2019 869 2061; x_wconf 89' lang='lat' dir='ltr'>ad</span> <span class='ocrx_word' id='word_1_210' title='bbox 896 2019 1172 2061; x_wconf 88' lang='lat' dir='ltr'>sobrietatem</span> <span class='ocrx_word' id='word_1_211' title='bbox 1202 2019 1247 2060; x_wconf 90' lang='lat' dir='ltr'>in</span> <span class='ocrx_word' id='word_1_212' title='bbox 1277 2019 1386 2073; x_wconf 90' lang='lat' dir='ltr'>cibo,</span> <span class='ocrx_word' id='word_1_213' title='bbox 1419 2025 1463 2061; x_wconf 92' lang='lat' dir='ltr'>et</span> <span class='ocrx_word' id='word_1_214' title='bbox 1492 2028 1612 2075; x_wconf 91' lang='lat' dir='ltr'>potu,</span> <span class='ocrx_word' id='word_1_215' title='bbox 1643 2020 1700 2062; x_wconf 85' lang='lat' dir='ltr'>ad</span> 
     </span>
     <span class='ocr_line' id='line_1_25' title="bbox 93 2093 1699 2149; baseline -0.001 -11"><span class='ocrx_word' id='word_1_216' title='bbox 93 2095 352 2149; x_wconf 84' lang='lat' dir='ltr'>castitatem,</span> <span class='ocrx_word' id='word_1_217' title='bbox 374 2094 428 2137; x_wconf 90' lang='lat' dir='ltr'>ab</span> <span class='ocrx_word' id='word_1_218' title='bbox 449 2094 696 2137; x_wconf 87' lang='lat' dir='ltr'>inconcessa</span> <span class='ocrx_word' id='word_1_219' title='bbox 727 2101 771 2137; x_wconf 89' lang='lat' dir='ltr'>et</span> <span class='ocrx_word' id='word_1_220' title='bbox 800 2093 1028 2136; x_wconf 88' lang='lat' dir='ltr'>immodica</span> <span class='ocrx_word' id='word_1_221' title='bbox 1049 2109 1218 2148; x_wconf 90' lang='lat' dir='ltr'>venere,</span> <span class='ocrx_word' id='word_1_222' title='bbox 1240 2094 1294 2135; x_wconf 88' lang='lat' dir='ltr'>ad</span> <span class='ocrx_word' id='word_1_223' title='bbox 1324 2093 1699 2136; x_wconf 90' lang='lat' dir='ltr'>mansuetudinem</span> 
     </span>
     <span class='ocr_line' id='line_1_26' title="bbox 92 2168 1698 2225; baseline -0.001 -13"><span class='ocrx_word' id='word_1_224' title='bbox 92 2170 138 2212; x_wconf 90' lang='lat' dir='ltr'>in</span> <span class='ocrx_word' id='word_1_225' title='bbox 167 2170 348 2213; x_wconf 87' lang='lat' dir='ltr'>lenitate</span> <span class='ocrx_word' id='word_1_226' title='bbox 380 2177 424 2212; x_wconf 92' lang='lat' dir='ltr'>et</span> <span class='ocrx_word' id='word_1_227' title='bbox 459 2168 749 2225; x_wconf 85' lang='lat' dir='ltr'>placabilitate</span> <span class='ocrx_word' id='word_1_228' title='bbox 779 2168 988 2222; x_wconf 86' lang='lat' dir='ltr'>hortatur,</span> <span class='ocrx_word' id='word_1_229' title='bbox 1020 2183 1070 2210; x_wconf 86' lang='lat' dir='ltr'>ac</span> <span class='ocrx_word' id='word_1_230' title='bbox 1105 2168 1344 2225; x_wconf 83' lang='lat' dir='ltr'>generatim</span> <span class='ocrx_word' id='word_1_231' title='bbox 1375 2168 1598 2211; x_wconf 87' lang='lat' dir='ltr'>Christum</span> <span class='ocrx_word' id='word_1_232' title='bbox 1632 2169 1698 2210; x_wconf 92' lang='lat' dir='ltr'>in-</span> 
     </span>
     <span class='ocr_line' id='line_1_27' title="bbox 93 2242 1696 2299; baseline -0.001 -12"><span class='ocrx_word' id='word_1_233' title='bbox 93 2245 312 2287; x_wconf 89' lang='lat' dir='ltr'>duendum</span> <span class='ocrx_word' id='word_1_234' title='bbox 342 2250 489 2286; x_wconf 89' lang='lat' dir='ltr'>monet</span> <span class='ocrx_word' id='word_1_235' title='bbox 517 2245 642 2286; x_wconf 87' lang='lat' dir='ltr'>13m0</span> <span class='ocrx_word' id='word_1_236' title='bbox 673 2258 765 2299; x_wconf 89' lang='lat' dir='ltr'>cap.</span> <span class='ocrx_word' id='word_1_237' title='bbox 827 2242 952 2295; x_wconf 81' lang='lat' dir='ltr'>Quae</span> <span class='ocrx_word' id='word_1_238' title='bbox 982 2243 1037 2284; x_wconf 89' lang='lat' dir='ltr'>ad</span> <span class='ocrx_word' id='word_1_239' title='bbox 1066 2242 1242 2298; x_wconf 88' lang='lat' dir='ltr'>politica</span> <span class='ocrx_word' id='word_1_240' title='bbox 1272 2242 1518 2286; x_wconf 87' lang='lat' dir='ltr'>Christiana</span> <span class='ocrx_word' id='word_1_241' title='bbox 1547 2243 1696 2286; x_wconf 87' lang='lat' dir='ltr'>referri</span> 
     </span>
     <span class='ocr_line' id='line_1_28' title="bbox 92 2316 1696 2376; baseline -0.001 -14"><span class='ocrx_word' id='word_1_242' title='bbox 92 2326 286 2376; x_wconf 87' lang='lat' dir='ltr'>possunt.</span> <span class='ocrx_word' id='word_1_243' title='bbox 345 2318 572 2361; x_wconf 90' lang='lat' dir='ltr'>Postremo</span> <span class='ocrx_word' id='word_1_244' title='bbox 602 2333 656 2359; x_wconf 92' lang='lat' dir='ltr'>ne</span> <span class='ocrx_word' id='word_1_245' title='bbox 691 2317 804 2359; x_wconf 88' lang='lat' dir='ltr'>firmi</span> <span class='ocrx_word' id='word_1_246' title='bbox 832 2317 918 2359; x_wconf 91' lang='lat' dir='ltr'>fide</span> <span class='ocrx_word' id='word_1_247' title='bbox 952 2317 1142 2359; x_wconf 89' lang='lat' dir='ltr'>infirmos</span> <span class='ocrx_word' id='word_1_248' title='bbox 1176 2317 1222 2358; x_wconf 92' lang='lat' dir='ltr'>in</span> <span class='ocrx_word' id='word_1_249' title='bbox 1255 2316 1383 2359; x_wconf 91' lang='lat' dir='ltr'>rebus</span> <span class='ocrx_word' id='word_1_250' title='bbox 1413 2317 1566 2360; x_wconf 90' lang='lat' dir='ltr'>mediis</span> <span class='ocrx_word' id='word_1_251' title='bbox 1595 2332 1696 2360; x_wconf 87' lang='lat' dir='ltr'>con-</span> 
     </span>
     <span class='ocr_line' id='line_1_29' title="bbox 92 2391 1695 2448; baseline 0 -13"><span class='ocrx_word' id='word_1_252' title='bbox 92 2399 290 2436; x_wconf 88' lang='lat' dir='ltr'>temnant</span> <span class='ocrx_word' id='word_1_253' title='bbox 309 2399 385 2435; x_wconf 81' lang='lat' dir='ltr'>aut</span> <span class='ocrx_word' id='word_1_254' title='bbox 405 2392 562 2434; x_wconf 88' lang='lat' dir='ltr'>infirmi</span> <span class='ocrx_word' id='word_1_255' title='bbox 582 2392 725 2434; x_wconf 89' lang='lat' dir='ltr'>firmos</span> <span class='ocrx_word' id='word_1_256' title='bbox 746 2392 1045 2445; x_wconf 86' lang='lat' dir='ltr'>condemnent,</span> <span class='ocrx_word' id='word_1_257' title='bbox 1067 2406 1160 2447; x_wconf 87' lang='lat' dir='ltr'>cap.</span> <span class='ocrx_word' id='word_1_258' title='bbox 1181 2391 1283 2445; x_wconf 66' lang='lat' dir='ltr'>xiv„</span> <span class='ocrx_word' id='word_1_259' title='bbox 1306 2392 1382 2434; x_wconf 92' lang='lat' dir='ltr'>sed</span> <span class='ocrx_word' id='word_1_260' title='bbox 1403 2391 1695 2448; x_wconf 86' lang='lat' dir='ltr'>unusquisque</span> 
     </span>
     <span class='ocr_line' id='line_1_30' title="bbox 92 2466 1697 2523; baseline 0 -13"><span class='ocrx_word' id='word_1_261' title='bbox 92 2483 180 2510; x_wconf 90' lang='lat' dir='ltr'>non</span> <span class='ocrx_word' id='word_1_262' title='bbox 200 2474 290 2510; x_wconf 90' lang='lat' dir='ltr'>tam</span> <span class='ocrx_word' id='word_1_263' title='bbox 320 2467 413 2520; x_wconf 87' lang='lat' dir='ltr'>sibi,</span> <span class='ocrx_word' id='word_1_264' title='bbox 435 2483 563 2523; x_wconf 90' lang='lat' dir='ltr'>quam</span> <span class='ocrx_word' id='word_1_265' title='bbox 583 2466 676 2509; x_wconf 87' lang='lat' dir='ltr'>aliis</span> <span class='ocrx_word' id='word_1_266' title='bbox 696 2466 864 2523; x_wconf 90' lang='lat' dir='ltr'>placere</span> <span class='ocrx_word' id='word_1_267' title='bbox 892 2466 1065 2508; x_wconf 88' lang='lat' dir='ltr'>studeat</span> <span class='ocrx_word' id='word_1_268' title='bbox 1094 2466 1150 2507; x_wconf 87' lang='lat' dir='ltr'>ad</span> <span class='ocrx_word' id='word_1_269' title='bbox 1179 2466 1531 2520; x_wconf 86' lang='lat' dir='ltr'>aedificationem,</span> <span class='ocrx_word' id='word_1_270' title='bbox 1554 2482 1697 2510; x_wconf 84' lang='lat' dir='ltr'>exem-</span> 
     </span>
     <span class='ocr_line' id='line_1_31' title="bbox 91 2540 1694 2599; baseline -0.001 -14"><span class='ocrx_word' id='word_1_271' title='bbox 91 2542 163 2599; x_wconf 90' lang='lat' dir='ltr'>plo</span> <span class='ocrx_word' id='word_1_272' title='bbox 180 2540 357 2594; x_wconf 86' lang='lat' dir='ltr'>Christi,</span> <span class='ocrx_word' id='word_1_273' title='bbox 378 2541 452 2596; x_wconf 91' lang='lat' dir='ltr'>qui</span> <span class='ocrx_word' id='word_1_274' title='bbox 471 2548 623 2598; x_wconf 85' lang='lat' dir='ltr'>gentes</span> <span class='ocrx_word' id='word_1_275' title='bbox 644 2548 688 2584; x_wconf 92' lang='lat' dir='ltr'>et</span> <span class='ocrx_word' id='word_1_276' title='bbox 703 2541 910 2594; x_wconf 81' lang='lat' dir='ltr'>Judaeos,</span> <span class='ocrx_word' id='word_1_277' title='bbox 928 2540 1161 2582; x_wconf 88' lang='lat' dir='ltr'>secundum</span> <span class='ocrx_word' id='word_1_278' title='bbox 1182 2540 1480 2596; x_wconf 89' lang='lat' dir='ltr'>promissiones</span> <span class='ocrx_word' id='word_1_279' title='bbox 1500 2541 1694 2598; x_wconf 90' lang='lat' dir='ltr'>patribus</span> 
     </span>
     <span class='ocr_line' id='line_1_32' title="bbox 92 2614 1693 2672; baseline 0.001 -14"><span class='ocrx_word' id='word_1_280' title='bbox 92 2616 228 2659; x_wconf 78' lang='lat' dir='ltr'>factas</span> <span class='ocrx_word' id='word_1_281' title='bbox 268 2621 313 2657; x_wconf 93' lang='lat' dir='ltr'>et</span> <span class='ocrx_word' id='word_1_282' title='bbox 352 2614 656 2672; x_wconf 83' lang='lat' dir='ltr'>prophetarum</span> <span class='ocrx_word' id='word_1_283' title='bbox 695 2615 1020 2672; x_wconf 87' lang='lat' dir='ltr'>praedictiones,</span> <span class='ocrx_word' id='word_1_284' title='bbox 1061 2629 1207 2656; x_wconf 89' lang='lat' dir='ltr'>veram</span> <span class='ocrx_word' id='word_1_285' title='bbox 1244 2615 1461 2670; x_wconf 88' lang='lat' dir='ltr'>justitiam</span> <span class='ocrx_word' id='word_1_286' title='bbox 1500 2615 1693 2659; x_wconf 84' lang='lat' dir='ltr'>exhibito</span> 
     </span>
     <span class='ocr_line' id='line_1_33' title="bbox 94 2688 1695 2747; baseline -0.001 -13"><span class='ocrx_word' id='word_1_287' title='bbox 94 2689 365 2746; x_wconf 76' lang='lat' dir='ltr'>evangelium</span> <span class='ocrx_word' id='word_1_288' title='bbox 395 2688 552 2732; x_wconf 91' lang='lat' dir='ltr'>obtulit</span> <span class='ocrx_word' id='word_1_289' title='bbox 581 2689 627 2731; x_wconf 88' lang='lat' dir='ltr'>in</span> <span class='ocrx_word' id='word_1_290' title='bbox 657 2689 890 2733; x_wconf 82' lang='lat' dir='ltr'>electorum</span> <span class='ocrx_word' id='word_1_291' title='bbox 920 2688 1108 2732; x_wconf 88' lang='lat' dir='ltr'>omnium</span> <span class='ocrx_word' id='word_1_292' title='bbox 1137 2689 1332 2743; x_wconf 85' lang='lat' dir='ltr'>salutem,</span> <span class='ocrx_word' id='word_1_293' title='bbox 1360 2691 1486 2734; x_wconf 88' lang='lat' dir='ltr'>15mo</span> <span class='ocrx_word' id='word_1_294' title='bbox 1515 2705 1608 2747; x_wconf 86' lang='lat' dir='ltr'>cap.</span> <span class='ocrx_word' id='word_1_295' title='bbox 1638 2691 1695 2733; x_wconf 89' lang='lat' dir='ltr'>ad</span> 
     </span>
     <span class='ocr_line' id='line_1_34' title="bbox 97 2766 288 2807; baseline -0.01 0"><span class='ocrx_word' id='word_1_296' title='bbox 97 2766 227 2807; x_wconf 85' lang='lat' dir='ltr'>14um</span> <span class='ocrx_word' id='word_1_297' title='bbox 246 2779 288 2806; x_wconf 90' lang='lat' dir='ltr'>v.</span> 
     </span>
    </p>

    <p class='ocr_par' dir='ltr' id='par_1_4' title="bbox 95 2836 1696 2968">
     <span class='ocr_line' id='line_1_35' title="bbox 151 2836 1696 2895; baseline 0 -15"><span class='ocrx_word' id='word_1_298' title='bbox 151 2837 301 2893; x_wconf 86' lang='lat' dir='ltr'>Atque</span> <span class='ocrx_word' id='word_1_299' title='bbox 320 2836 426 2879; x_wconf 88' lang='lat' dir='ltr'>haec</span> <span class='ocrx_word' id='word_1_300' title='bbox 447 2836 501 2879; x_wconf 90' lang='lat' dir='ltr'>de</span> <span class='ocrx_word' id='word_1_301' title='bbox 521 2836 750 2880; x_wconf 86' lang='lat' dir='ltr'>sanctitate</span> <span class='ocrx_word' id='word_1_302' title='bbox 769 2853 846 2881; x_wconf 92' lang='lat' dir='ltr'>seu</span> <span class='ocrx_word' id='word_1_303' title='bbox 865 2839 956 2881; x_wconf 88' lang='lat' dir='ltr'>vita</span> <span class='ocrx_word' id='word_1_304' title='bbox 977 2838 1234 2892; x_wconf 86' lang='lat' dir='ltr'>Christiana,</span> <span class='ocrx_word' id='word_1_305' title='bbox 1256 2839 1398 2894; x_wconf 88' lang='lat' dir='ltr'>quoad</span> <span class='ocrx_word' id='word_1_306' title='bbox 1426 2837 1564 2881; x_wconf 88' lang='lat' dir='ltr'>officia</span> <span class='ocrx_word' id='word_1_307' title='bbox 1593 2853 1696 2895; x_wconf 86' lang='lat' dir='ltr'>erga</span> 
     </span>
     <span class='ocr_line' id='line_1_36' title="bbox 95 2910 1694 2968; baseline -0.001 -11"><span class='ocrx_word' id='word_1_308' title='bbox 95 2914 237 2968; x_wconf 85' lang='lat' dir='ltr'>deum,</span> <span class='ocrx_word' id='word_1_309' title='bbox 254 2918 299 2954; x_wconf 91' lang='lat' dir='ltr'>et</span> <span class='ocrx_word' id='word_1_310' title='bbox 313 2910 506 2954; x_wconf 89' lang='lat' dir='ltr'>homines</span> <span class='ocrx_word' id='word_1_311' title='bbox 522 2910 612 2955; x_wconf 87' lang='lat' dir='ltr'>sive</span> <span class='ocrx_word' id='word_1_312' title='bbox 627 2911 838 2967; x_wconf 82' lang='lat' dir='ltr'>aequales,</span> <span class='ocrx_word' id='word_1_313' title='bbox 855 2928 1012 2968; x_wconf 87' lang='lat' dir='ltr'>eosque</span> <span class='ocrx_word' id='word_1_314' title='bbox 1029 2913 1097 2956; x_wconf 90' lang='lat' dir='ltr'>vel</span> <span class='ocrx_word' id='word_1_315' title='bbox 1111 2912 1282 2967; x_wconf 87' lang='lat' dir='ltr'>amicos,</span> <span class='ocrx_word' id='word_1_316' title='bbox 1297 2913 1366 2956; x_wconf 86' lang='lat' dir='ltr'>vel</span> <span class='ocrx_word' id='word_1_317' title='bbox 1380 2912 1586 2967; x_wconf 86' lang='lat' dir='ltr'>inimicos,</span> <span class='ocrx_word' id='word_1_318' title='bbox 1603 2912 1694 2956; x_wconf 79' lang='lat' dir='ltr'>sive</span> 
     </span>
    </p>
   </div>
  </div>
 </body>
</html>
