1887 3188
196 264 248 305 32
718 277 767 305 IN
789 275 1009 305 FERMIUM
1031 273 1269 304 EPICEDIA.

683 483 935 532 Epitaphium
956 482 1111 521 CARoLI
1132 482 1296 518 Fatum.

411 588 502 626 Non
521 589 583 625 hic
603 601 817 625 marmoreo
837 588 1057 625 condendus
1077 587 1291 635 Episcopus
1310 593 1433 632 antro,

469 659 545 697 Sed
565 659 678 695 viridi
698 663 847 695 tantum
869 657 1009 706 cespite
1030 658 1246 706 contegitur
1262 672 1272 701 ;

413 729 504 766 Non
524 729 662 774 ventri,
685 734 752 765 aut
770 728 914 773 veneri,
936 732 1003 764 aut
1022 727 1164 764 mundo
1184 727 1352 773 servivit,
1374 732 1416 763 ut
1436 727 1509 764 ista

468 800 583 836 AEtas
603 799 784 847 produxit
803 798 969 846 plurima
988 797 1192 845 mancipia.

417 870 535 906 Petro
555 869 735 906 successit
753 868 846 914 zelo,
868 868 1022 916 pietate,
1043 867 1185 912 labore,

467 938 696 977 Carceribus
713 954 722 982 ;
751 951 902 975 necnon
922 938 1081 974 vulnere
1101 937 1322 986 sanguineo.

411 1010 570 1046 Mitram
590 1014 764 1046 armenta
783 1013 932 1057 gerunt,
954 1008 1101 1053 stolam,
1122 1006 1294 1055 fatuique
1314 1008 1505 1045 cucullum

466 1079 520 1116 Et
538 1085 649 1117 terrae
669 1079 750 1116 nati
769 1078 876 1127 regia
895 1083 1045 1127 sceptra
1065 1083 1211 1126 petunt.

416 1149 579 1188 Carolus
599 1149 687 1198 igne
707 1149 784 1186 Dei
803 1148 984 1185 Borealia
1002 1147 1144 1196 frigora
1163 1148 1277 1185 solvit

468 1220 521 1257 Et
539 1221 657 1257 verbo
677 1224 716 1257 et
734 1220 814 1256 vita
832 1219 963 1256 lumen
983 1224 1066 1255 erat
1084 1218 1231 1255 Boreae.

414 1291 502 1327 Flet
520 1290 666 1327 Boreas
685 1295 791 1326 tanto
811 1289 1004 1338 privatum
1023 1288 1169 1325 lumine
1189 1300 1229 1325 se
1249 1300 1331 1325 esse

468 1361 567 1398 Tam
587 1360 734 1409 superis
754 1372 862 1397 amor
880 1365 937 1397 est
956 1371 1072 1407 quam
1091 1358 1226 1396 Boreae
1247 1359 1354 1396 dolor
1373 1364 1441 1396 est.

220 1529 286 1566 Ad
306 1528 517 1578 Episcopos
545 1527 592 1564 de
620 1527 725 1564 obitu
755 1526 806 1563 D.
837 1525 996 1564 CAROLI
1024 1525 1178 1562 Fssmm
1206 1523 1549 1573 Frazerburgensis
1577 1523 1772 1573 Episcopi,

871 1595 1118 1633 Nicodamus.

417 1704 500 1741 Vos
519 1703 658 1751 quibus
678 1707 735 1739 est
754 1714 854 1739 curae
875 1713 982 1738 sacro
1001 1701 1181 1737 redimire
1201 1701 1299 1737 tiara

470 1774 674 1822 Tempora,
696 1773 805 1820 queis
825 1772 936 1820 peplo
956 1771 1181 1808 conciliatur
1199 1771 1332 1816 honos,

418 1843 596 1882 Gaudete
613 1857 622 1880 ι
653 1856 701 1880 en
720 1843 838 1879 vestri
859 1842 993 1878 similis
1007 1842 1091 1889 jam
1110 1841 1287 1878 Fermius
1306 1841 1370 1878 ille

471 1914 635 1952 Carcere
655 1925 726 1950 nec
746 1913 917 1949 clausum
938 1924 1052 1960 quem
1072 1912 1257 1948 retudisse
1277 1912 1408 1948 datum

416 1984 540 2022 Vobis
560 1996 629 2032 pro
649 1982 788 2031 Sparta
807 1982 928 2019 solida
946 1982 1132 2029 solitaque
1153 1981 1314 2018 docendi

474 2054 577 2097 Otia,
599 2059 706 2090 muta
722 2067 730 2089 :
761 2052 881 2090 Suum
901 2063 972 2088 nec
992 2051 1094 2088 dolet
1112 2051 1176 2088 ille
1195 2063 1350 2100 gregem

417 2125 500 2162 Vos
519 2123 652 2173 procul
671 2136 695 2160 a
712 2122 893 2172 gregibus
913 2121 987 2158 nisi
1006 2116 1094 2158 cum
1112 2121 1307 2158 tondenda
1321 2122 1526 2168 quotannis

470 2195 651 2232 Vellera:
681 2205 771 2230 oves
791 2192 947 2229 tandem
966 2191 1080 2239 liquit
1098 2197 1136 2228 et
1154 2191 1219 2228 ille
1238 2203 1337 2229 suas.

419 2266 502 2303 Vos
521 2264 768 2315 symistarum
788 2274 957 2300 censurae
976 2261 1080 2298 haud
1100 2261 1252 2299 subdita
1271 2263 1384 2298 turba

470 2335 587 2372 Nunc
607 2345 779 2372 censurae
799 2345 953 2370 omnem
970 2332 1071 2371 ridet
1090 2337 1128 2369 et
1146 2331 1211 2369 ille
1230 2337 1388 2369 metum.

421 2406 504 2443 Vos
525 2405 658 2443 Cereri
676 2403 909 2450 Bacchoque
927 2403 1045 2440 litatis
1073 2406 1116 2439 ut
1135 2402 1280 2439 aulice:
1310 2407 1351 2439 at
1369 2402 1432 2438 ille

472 2475 592 2513 Aulai
611 2475 652 2511 in
671 2474 798 2511 medio
818 2473 955 2522 pocula
972 2473 1069 2510 libat
1087 2484 1206 2510 ovans

421 2539 574 2593 Quique
593 2545 699 2594 prius
717 2544 845 2581 renuit
863 2543 1045 2580 minimus
1064 2542 1126 2579 vel
1144 2541 1359 2590 Episcopus
1377 2554 1459 2579 esse

475 2615 664 2663 Suspicite
683 2627 731 2652 en
751 2614 872 2651 instar
883 2612 968 2661 jam
987 2612 1206 2662 patriarcha
1223 2611 1280 2649 tui
1299 2617 1367 2650 est.

418 2685 643 2722 Presulibus
662 2684 716 2721 sic
733 2684 799 2720 ille
817 2683 923 2732 prius
941 2683 1030 2720 licet
1047 2682 1166 2720 hostis
1184 2681 1245 2732 (ut
1263 2681 1365 2728 olim,

475 2756 575 2806 Vos)
594 2767 696 2792 nunc.
715 2755 954 2809 inversavos
973 2752 1120 2790 ratione
1139 2751 1266 2790 refert.

423 2825 530 2865 Cur?
560 2825 651 2873 quia
670 2825 762 2862 dum
780 2823 914 2873 patriis
932 2817 1026 2860 alios
1045 2822 1244 2872 populistis
1263 2823 1312 2860 ab
1331 2823 1444 2868 arvis,

475 2896 523 2933 In
543 2895 705 2945 patriam
725 2895 830 2932 hunc
849 2899 978 2931 vestra
996 2898 1054 2930 est
1071 2893 1154 2930 laus
1173 2892 1364 2942 pepulisse
1383 2905 1503 2930 suam.
