1887 3188
704 203 805 232 CAP.
830 204 898 232 111.
922 193 1066 234 27-31.
1597 193 1681 234 439

75 323 305 378 Judicialis,
336 330 412 364 aut
442 322 759 371 ceremonialis3
791 322 986 364 absentia
1016 322 1130 364 enim
1160 323 1329 366 articuli
1361 323 1574 380 signifieat
1605 339 1680 366 no·

82 413 181 440 men
215 398 285 440 hic
320 397 515 452 usurpari
549 396 594 437 in
628 411 798 452 genere,
835 402 884 438 ut
921 403 1070 438 contra
1106 397 1284 439 articulo
1321 398 1469 440 addito
1505 398 1680 440 restrin-

80 472 199 528 gitur
227 472 283 513 ad
311 471 452 527 legem
481 470 631 524 Mosis,
654 477 698 512 et
729 485 856 526 supra
886 476 930 512 et
960 469 1070 511 infra
1091 471 1286 526 exempla
1316 478 1466 513 extant
1491 472 1680 528 complu-

78 546 154 588 ria.
232 545 373 588 Vetus
404 545 614 601 interpres
650 545 781 587 vertit
811 546 1074 598 arbitramur,
1111 544 1241 587 verbo
1277 544 1433 587 forensi
1470 561 1495 586 a
1529 546 1679 601 pleris-

79 635 163 676 que
194 620 302 662 male
333 619 552 662 intellecto
574 627 624 662 ut
645 620 818 673 arbiter,
848 626 891 661 et
922 619 1146 662 arbitrium
1176 619 1277 662 boni
1299 619 1524 676 viri'apud
1549 620 1679 663 Jure-

78 694 323 737 consultos:
354 695 469 736 unde
495 695 663 736 errandi
689 694 953 737 occasionem
984 710 1069 736 non
1091 694 1279 737 oblatam
1309 701 1470 736 temere
1492 695 1680 750 arripue-

78 777 180 811 runt
193 769 423 822 Pontificii,
438 769 511 824 qui
526 769 785 823 dubitanter,
800 785 884 811 non
899 776 1192 811 asseveranter
1205 768 1462 824 Apostolum
1479 768 1548 811 hic
1561 768 1679 824 loqui

79 844 321 887 voluerunt.
371 844 434 886 At
454 844 651 886 arbitrari
671 859 757 886 non
778 851 844 886 est
865 859 1031 900 semper
1047 843 1256 897 dubitare,
1274 850 1323 885 ut
1344 858 1482 898 neque
1500 843 1678 885 verbum

78 926 244 974 putare,
260 934 358 961 cum
379 919 432 961 de
453 919 655 974 putandis
675 907 911 961 rationibus
933 918 1076 974 agitur
1088 934 1099 968 3
1122 918 1236 960 unde
1254 925 1425 974 sumpta
1446 925 1511 960 est
1533 918 1679 960 simili-

78 992 198 1045 tudo,
215 1007 324 1047 quae
341 992 594 1047 exprimitur
614 992 744 1034 verbo
764 984 1025 1047 λογιζόμεθα
1049 993 1163 1049 apud
1179 992 1436 1048 Apostolum
1453 992 1506 1034 ab
1527 991 1678 1034 Arith-

79 1066 247 1109 meticis
266 1073 310 1108 et
325 1066 709 1120 ratiocinatoribus,
728 1067 802 1122 qui
817 1067 1002 1109 rationes
1025 1083 1100 1109 seu
1117 1067 1340 1109 ratiocinia
1355 1067 1506 1110 ineunt
1521 1074 1564 1109 et
1581 1067 1680 1110 sub-

79 1141 256 1194 ducunt,
279 1148 450 1197 sumpta
471 1141 762 1184 translatione.
822 1141 952 1184 Unde
984 1142 1174 1184 manavit
1196 1142 1315 1185 verbi
1345 1157 1448 1183 usus
1468 1141 1632 1198 logicus
1654 1158 1679 1184 a

76 1215 273 1272 logistico
294 1215 506 1269 nimirum,
528 1216 727 1271 frequens
749 1217 862 1272 apud
879 1216 1164 1272 philosophos,
1187 1223 1236 1258 ut
1256 1208 1489 1271 λογῖζεῧοω
1511 1216 1677 1259 ratione

76 1290 155 1344 uti,
172 1290 427 1343 ratiocinari,
446 1290 740 1347 syllogismum
761 1306 835 1332 seu
857 1291 1226 1333 ratiocinationem
1243 1292 1509 1345 concludere,
1526 1297 1576 1333 ut
1596 1290 1678 1334 hoc

75 1364 183 1407 loco.
227 1364 453 1422 Significat
473 1365 607 1421 igitur
621 1364 857 1420 Apostolus
875 1381 932 1419 se,
951 1365 1072 1421 quasi
1093 1365 1211 1407 initis
1234 1371 1278 1407 et
1299 1365 1521 1408 subductis
1543 1364 1679 1408 omni-

77 1438 156 1481 bus
173 1439 387 1495 superiore
404 1439 695 1494 disputatione
711 1438 962 1493 rationibus,
980 1439 1234 1481 concludere
1252 1439 1466 1495 duplicem
1483 1439 1679 1496 syllogis-

62 1529 193 1555 vmum
214 1513 612 1567 demonstrativum,
634 1513 817 1556 alterum
839 1513 1121 1557 affirmantem
1142 1529 1219 1570 pro
1240 1513 1341 1556 fidei
1365 1513 1550 1569 justitia,
1573 1514 1679 1556 alte-

73 1601 169 1628 rum
189 1594 421 1644 negantem
442 1594 592 1630 contra
611 1603 788 1643 operum
812 1587 1041 1642 justitiam.
1103 1587 1357 1642 Subjectum
1385 1595 1450 1629 est
1472 1580 1677 1643 ἄνθξωπος

76 1661 260 1718 speciem
281 1662 512 1704 humanam
533 1662 776 1718 significans
794 1678 804 1703 ι
825 1661 1019 1704 homines
1046 1661 1267 1705 universos
1289 1669 1333 1705 et
1355 1662 1544 1719 singulos
1564 1662 1610 1703 in
1631 1677 1677 1705 se

74 1736 375 1792 complectens,
393 1737 467 1792 qui
487 1752 629 1779 coram
644 1736 741 1779 Deo
756 1736 1062 1791 justificantur.
1121 1736 1402 1779 Justificandi
1421 1743 1567 1779 autem
1584 1752 1678 1779 ver-

60 1811 179 1854 ·bum
213 1811 296 1864 hic,
332 1818 383 1853 ut
418 1826 558 1866 supra,
592 1818 637 1854 et
671 1811 716 1852 in
752 1818 846 1854 tota
879 1811 960 1854 hac
993 1811 1297 1868 disputatione,
1331 1810 1678 1854 condemnationi

76 1886 318 1944 opponitur,
351 1887 467 1941 quod
497 1886 658 1928 clarum
688 1886 834 1929 evadit
864 1886 990 1928 Rom.
1020 1885 1110 1928 viii.
1141 1888 1212 1939 33,
1239 1887 1308 1940 34,
1341 1876 1424 1932 θεὸς
1448 1878 1470 1924 ό
1493 1877 1675 1933 δικαιῶν,

73 1951 139 2005 τὶς
158 1953 180 1999 ὁ
195 1950 477 2016 κατακξῖνωνς
508 1960 634 2003 Fidei
654 1975 811 2002 nomen
838 1960 969 2003 verbo
983 1959 1251 2015 justificandi
1264 1960 1479 2015 junctum,
1500 1975 1587 2002 non
1607 1959 1677 2003 hic

74 2035 369 2079 consideratur
389 2035 594 2089 absolute,
617 2041 820 2090 tanquam
842 2034 983 2077 infusa
1013 2035 1150 2077 solum
1171 2034 1368 2091 qualitas,
1389 2041 1440 2077 ut
1469 2034 1679 2090 interpre-

74 2117 224 2153 tantur
245 2109 486 2166 Sophistae,
508 2109 585 2152 sed
613 2109 819 2152 relatione
841 2110 896 2151 ad
918 2108 1152 2164 Christum,
1174 2109 1295 2164 cujus
1326 2108 1678 2166 apprehendendi

73 2185 276 2228 idoneum
298 2191 363 2227 est
383 2184 730 2226 instrumentum.
789 2183 896 2226 Ideo
912 2199 999 2227 non
1020 2191 1086 2226 est
1104 2184 1198 2241 ipsa
1213 2199 1290 2240 per
1305 2199 1350 2226 se
1370 2184 1476 2226 fides
1498 2183 1676 2226 seorsim

68 2259 120 2302 in
140 2275 186 2303 se
206 2259 486 2313 considerata,
503 2259 624 2314 cujus
646 2258 859 2315 dignitate
879 2266 924 2302 et
945 2259 1098 2301 merito
1112 2258 1414 2314 justificamur,
1437 2258 1512 2300 sed
1529 2256 1677 2300 Chris-

74 2341 159 2388 tus,
181 2334 429 2390 Christique
449 2333 640 2390 perfecta
659 2334 715 2376 ad
741 2339 924 2376 mortem
951 2348 1087 2389 usque
1108 2332 1245 2376 crucis
1267 2331 1524 2386 obedientia,
1546 2347 1676 2388 quam

73 2409 182 2452 fides
195 2409 434 2464 justificans
456 2408 752 2465 apprehendit.
814 2407 960 2460 Quare
982 2407 1271 2464 metonymica
1292 2414 1357 2450 est
1381 2406 1555 2460 locutio,
1577 2421 1677 2450 eum

74 2483 161 2526 fide
183 2483 411 2538 justificari
439 2483 634 2538 dicimur,
656 2489 732 2526 aut
760 2482 869 2525 fides
891 2482 1073 2538 justitia·
1094 2489 1254 2525 nostra.
1313 2481 1464 2538 Atque
1493 2481 1600 2524 haec
1621 2481 1676 2524 de

76 2556 347 2602 conclusione
366 2557 556 2614 generali
575 2557 705 2613 vhujus
736 2556 985 2614 syllogismi,
1015 2556 1175 2599 Nullus
1195 2555 1381 2611 injustus
1402 2571 1457 2599 ex
1477 2555 1676 2613 operibus

77 2647 221 2684 coram
239 2631 336 2674 Deo
350 2615 669 2687 justificabitur.
699 2631 880 2689 *Omnes
899 2631 1091 2674 homines
1114 2637 1214 2674 sunt
1234 2630 1396 2687 injusti,
1416 2631 1498 2674 8⁶0.
1543 2630 1601 2674 V.
1618 2633 1674 2675 29

77 2707 134 2750 ad
152 2705 495 2750 communionem
513 2705 641 2761 hujus
654 2705 975 2762 justificationis
995 2705 1290 2762 explicandam
1310 2705 1564 2763 regreditur,
1586 2704 1678 2746 dia-

75 2781 256 2838 logismo
285 2795 402 2834 usus,
421 2786 472 2822 ut
492 2795 620 2836 supra
645 2782 700 2824 27
731 2797 773 2824 v.
803 2796 903 2824 cum
923 2781 1096 2824 doceret
1124 2779 1296 2824 laudem
1325 2780 1452 2836 hujus
1476 2779 1674 2834 justitiae

73 2869 260 2900 omnem.
289 2853 387 2898 Deo
406 2860 627 2911 acceptam
640 2869 812 2912 prorsus
827 2855 986 2910 deberi,
1007 2862 1056 2899 ut
1073 2855 1194 2911 cujus
1215 2855 1332 2898 sitin
1348 2854 1532 2897 solidum
1547 2861 1673 2903 autor
